2320 3424
358 233 432 268 LX
665 232 726 267 IN
758 232 1043 267 GAUFREDI
1073 231 1464 266 MALATERRAE
1493 231 1757 266 MONACHI
1787 232 1901 267 ECC.

355 364 420 380 vero
440 363 455 380 a
475 356 631 380 DominIco
649 354 822 380 Portonario
841 354 950 379 edi‘tum
969 361 1209 379 commemorans:
1228 361 1315 386 quum
1328 356 1424 379 tamen
1439 354 1512 379 idem
1527 354 1657 387 Scriptor
1670 354 1766 384 fuerit,
1779 354 1911 387 idemque
1923 354 2013 390 Opus,
2026 356 2103 389 quod
2113 357 2211 382 Surita

352 405 600 437 Caesaraugustae,
610 404 758 429 DomInici
770 404 936 429 Portonarii
950 404 1038 437 typis,
1048 404 1135 428 Anno
1152 402 1228 436 1578,
1242 405 1365 437 primum
1379 403 1480 428 edidit.
1517 404 1629 429 Deinde
1641 404 1719 437 quod
1733 402 1909 430 Gaufredum
1925 406 2076 438 fflspanum
2089 406 2210 433 Vossius

351 454 534 483 existimarit.
554 453 584 478 id
606 460 639 478 ea
665 454 778 478 ratione
798 453 905 477 sactum
925 454 1003 486 puto,
1031 453 1099 484 quia
1128 452 1209 477 Illius
1237 452 1395 477 Historiam
1417 453 1447 477 in
1471 452 1613 485 Hispania
1637 453 1745 478 editam
1770 460 1806 479 ex
1832 453 1955 479 aliorum
1981 455 2130 486 relatione,
2154 456 2210 482 hoc

350 505 392 528 est
411 510 445 527 ex
464 502 621 527 Possevino
641 502 762 530 audivit,
782 509 798 526 a
818 509 874 534 quo
893 502 940 526 hic
958 500 1089 535 Scriptor
1108 501 1266 534 Hispaniae
1284 501 1468 526 adscribitur.
1506 502 1592 527 Recte
1611 502 1679 527 haec
1699 502 1872 536 perpendere
1891 503 2012 529 Vossius
2031 512 2089 530 non
2103 506 2208 538 potuit,

351 558 440 583 neque
457 552 534 576 enim
553 552 613 585 ejus
632 550 751 575 Librum
770 552 838 575 tunc
858 551 909 575 sub
928 550 1060 575 manibus
1078 550 1208 579 habebat.
1228 551 1270 575 uti
1290 550 1392 575 habuit
1411 552 1520 583 postea,
1539 558 1625 583 quum
1645 551 1764 576 Librum
1783 552 1901 577 tertium
1913 553 1949 578 de
1961 553 2098 578 Historic.
2113 554 2209 580 LstIn.

356 600 535 632 conscripsit.
574 601 613 625 At
633 601 662 624 in
682 600 831 632 Hispania,
850 601 935 631 atque
954 600 1031 625 inter
1051 600 1131 632 ipsos
1150 599 1305 630 Scriptores
1326 599 1479 631 Hispaniae
1499 600 1659 625 illustratae
1677 599 1751 625 editi
1771 601 1849 625 fuere
1868 608 1927 626 non
1957 602 2043 627 semel
2067 603 2209 629 Historlcl

352 649 403 674 sub
423 649 481 674 alio
501 648 592 674 Coelo
612 650 682 681 nati,
703 650 731 674 et
751 649 853 681 quibus
874 656 1028 681 numquam
1046 648 1231 681 Hispanicam
1250 650 1355 673 terram
1374 649 1471 674 videre
1497 649 1592 674 licuit.
1629 649 1728 682 Itaque
1753 650 1889 683 proprius
1913 651 1949 676 ad
1976 659 2073 677 verum
2098 653 2211 679 accedit

351 698 494 723 sententia
514 697 676 723 Clarissimi
697 697 780 731 Pagii
799 698 830 722 in
850 697 963 723 Critica
983 697 1087 723 Baton.
1108 698 1143 722 ad
1163 697 1280 722 Annum
1303 705 1370 731 1099
1390 700 1543 730 censentis,
1563 697 1740 724 Gaufredum
1754 700 1783 724 in
1807 700 1987 730 Alamannia,
2019 702 2128 727 Galliae
2140 703 2211 728 Pro-

354 747 453 777 -υἱηεία,
473 752 571 773 natum.
608 747 662 772 Ille
682 749 755 773 certe
774 748 958 772 Normannos
977 747 1081 780 ubique
1100 750 1203 772 nostros
1222 747 1363 780 appellat;
1382 749 1411 773 et
1430 747 1515 773 facile
1535 748 1728 781 intelligimus
1743 756 1802 774 non
1815 749 1933 775 aliunde
1946 757 2011 775 eum
2025 752 2055 775 in
2069 750 2210 782 Siciliam,

352 798 400 821 aut
419 798 530 829 sponte,
550 798 598 822 aut
617 797 773 822 invitatum
793 797 954 826 accessisse,
975 797 1032 821 nisi
1051 804 1066 821 e
1085 796 1273 826 NormannIa,
1293 797 1523 830 quandoquidem
1543 797 1730 823 Not-mannus
1748 797 1895 832 Princeps,
1913 800 1960 825 tot
1977 799 2130 826 debellatis
2141 799 2210 826 Pro-

356 846 471 876 vinciis,
489 846 619 878 Regnum
639 847 695 871 sibi
714 846 744 871 in
764 845 865 871 Sicilia
883 847 1083 875 constituerat,
1101 847 1131 870 et
1149 845 1185 871 ad
1198 853 1259 871 eam
1279 853 1346 871 suae
1363 847 1461 879 gentis
1482 847 1629 872 fortunam
1653 847 1797 873 confluere
1820 849 1879 882 jam
1906 857 1922 874 ι
1946 849 2047 874 multis
2073 851 2158 876 annis
2180 851 2211 877 et

352 896 406 920 alii
424 895 587 920 Normanni
607 897 824 920 consueverant.
861 895 904 920 Ac
923 897 1074 929 propterea
1093 895 1129 919 ab
1148 894 1288 920 Orderico
1307 895 1410 925 vitan,
1429 895 1534 920 celebri
1554 895 1701 930 Scriptore
1720 898 1748 921 ct
1767 897 1894 923 Monaco
1914 897 2060 924 Uticensis
2080 900 2111 924 in
2136 900 2210 927 Nor-
2260 889 2278 906 ’Ἴ

351 945 467 970 mannIa
487 945 667 976 Monastern,
687 946 759 978 puto
781 945 886 970 factam
906 944 1043 970 Gaufredi
1064 945 1156 970 nostri
1177 945 1367 970 honorificam
1386 946 1574 971 mentionem.
1610 946 1708 979 Agens
1723 947 1799 972 enim
1815 947 1866 973 Ille
1879 947 1943 973 Lib.
1961 947 2011 978 111,
2024 956 2089 983 pag.
2103 947 2211 983 483,de

350 994 479 1019 Ducibus
498 996 525 1019 et
545 993 709 1019 Comitlbus
727 995 860 1027 Apuliae,
879 995 948 1020 haec
966 995 1065 1019 habet:
1086 996 1130 1020 De
1149 1003 1258 1027 quorum
1271 995 1384 1026 probris
1402 996 1505 1020 actibus
1525 998 1552 1020 et
1569 997 1688 1021 strenuis
1712 997 1851 1022 eventibus
1882 998 2042 1031 Goisfredus
2064 999 2212 1026 Monachus

349 1047 522 1076 cognomento
540 1045 632 1069 Mala·
641 1044 740 1073 Terra,
759 1045 867 1069 hortatu
888 1044 1014 1077 Rogerii,
1036 1045 1147 1069 Comitis
1167 1045 1288 1073 Siciliae,
1309 1045 1463 1078 elegantem
1482 1045 1619 1070 Libellum
1638 1049 1723 1077 nuper
1742 1046 1838 1072 edidit.

437 1091 524 1121 Quod
544 1093 683 1126 reliquum
703 1095 753 1123 est,
773 1094 851 1118 edita
864 1095 986 1126 primum
1007 1093 1072 1126 fuit,
1093 1095 1124 1118 ut
1144 1093 1280 1123 diximus,
1301 1093 1439 1119 Gausredi
1462 1094 1594 1120 HistorIa
1612 1101 1630 1120 a
1642 1095 1818 1128 Hieronymo
1831 1095 1937 1128 Sui-ita,
1952 1098 1980 1122 et
1993 1097 2090 1123 dicata
2102 1097 2209 1124 doctis-

349 1143 422 1167 simo
442 1142 513 1167 Viro
532 1142 665 1167 Antonio
684 1143 859 1175 Augustino,
878 1143 1108 1176 ArchiepIscopo
1129 1143 1349 1168 Tarraconensi.
1387 1143 1461 1169 Tum
1480 1143 1665 1170 Francofurti
1686 1152 1783 1170 recusa
1802 1147 1845 1170 est
1865 1145 1954 1171 Anno
1976 1146 2211 1178 1606,Tom0111

352 1191 509 1224 Hispaniae
529 1191 699 1221 illustratae,
719 1194 836 1216 curante
850 1192 983 1224 Johanne
1000 1192 1140 1222 pistorio,
1158 1193 1231 1217 Viro
1252 1192 1423 1218 clarissimo.
1461 1193 1551 1218 Anno
1570 1194 1683 1219 demum
1705 1199 1771 1227 1723
1798 1194 1904 1220 iterum
1924 1196 1954 1220 in
1974 1195 2066 1221 lucem
2091 1195 2212 1230 produt,

349 1243 432 1266 aucta
451 1241 631 1265 variantibus
652 1241 825 1266 lectionibus
845 1249 860 1265 a
880 1241 957 1266 Clar.
978 1242 1048 1266 Viro
1062 1242 1194 1274 Johannc
1212 1242 1345 1274 Baptista
1365 1241 1489 1267 Carusio
1509 1243 1539 1267 in
1560 1250 1610 1268 sua
1629 1242 1814 1269 Collectione
1833 1244 2013 1278 Scriptorum
2037 1244 2211 1278 Siculorum,

350 1297 404 1324 ope
424 1291 549 1314 veterum
568 1290 606 1315 M.
626 1289 682 1321 SS.,
701 1297 772 1322 quos
791 1290 843 1315 ille
862 1291 893 1315 in
914 1298 963 1315 sua
982 1290 1165 1316 Praefatione
1185 1293 1319 1316 recenset.
1356 1291 1419 1324 Ego
1439 1293 1550 1325 potiori
1569 1293 1631 1326 jure
1650 1293 1741 1327 ipsein
1761 1291 1944 1320 collectioni
1957 1294 2024 1320 huic
2039 1296 2154 1324 nostrae
2166 1296 2211 1321 in-

353 1346 452 1368 seram,
471 1346 556 1371 quum
574 1339 634 1372 ejus
653 1338 763 1364 Auctor
782 1340 816 1364 de
833 1339 946 1365 Italicis
963 1341 1117 1374 praecipue
1135 1341 1217 1365 rebus
1237 1342 1319 1373 agat;
1340 1342 1369 1366 et
1389 1348 1424 1366 ne
1443 1341 1512 1373 quid
1532 1349 1568 1366 ex
1587 1342 1732 1367 veteribus
1752 1342 1934 1368 editionibus
1953 1343 2071 1371 Lectos!
2089 1343 2213 1380 madito

335 1387 559 1414 desiderandum
579 1389 713 1421 supersIt,
732 1389 858 1413 aliorum
878 1389 944 1414 ante
964 1396 1007 1414 me
1028 1389 1073 1414 vel
1095 1389 1304 1419 Praefationes,
1323 1389 1369 1414 vel
1390 1389 1539 1423 Epistolas
1560 1391 1767 1425 imprimendas
1786 1392 1900 1417 curabo.
