2358 3502
1812 242 1898 333 A),

81 353 182 390 fratri
209 358 276 390 tuo
302 352 523 389 Balthassari
550 351 745 388 Brachiani
772 351 870 387 Duci
898 363 1002 399 opes,
1032 356 1070 387 et
1098 349 1310 399 dignitates,
1338 362 1382 386 ac
1419 349 1576 386 illustres
1612 349 1867 396 cognationes,
1907 354 1945 386 ut

80 435 310 482 privatorum
337 437 477 469 sortem
505 433 780 480 propemodum
809 430 993 468 excedere
1021 430 1191 468 videatur
1218 430 1417 467 feudorum
1444 429 1697 478 amplitudine,
1725 441 1770 466 ac
1789 429 1942 475 decore,

80 527 155 552 non
182 516 221 551 in
247 513 353 550 Italia
380 513 513 558 solum,
542 513 608 549 sed
637 521 675 549 et
701 514 739 548 in
766 513 971 561 Hungaria,
1002 513 1065 549 ubi
1093 512 1267 550 latissima
1296 511 1420 548 Sirmii
1448 511 1701 548 dominatione
1730 511 1942 558 proximum

20 642 22 645 ι
79 595 204 643 Regio
240 595 388 642 fastigio
425 593 551 630 locum
588 600 759 641 occupat,
797 592 988 641 praeclara
1023 593 1122 629 illius
1157 593 1384 641 principatus
1421 604 1559 629 corona
1597 592 1830 639 conspicuus,
1869 603 1942 639 qua

21 719 23 722 Α
78 676 227 723 Regum
255 687 386 712 eorum
413 675 478 726 filii
506 675 810 711 honestabantur.
867 673 942 710 Sed
970 674 1049 723 quis
1079 686 1164 710 cum
1191 673 1239 709 ad
1266 674 1343 720 ejus
1362 674 1592 718 comitatem,
1612 672 1942 721 affabilitatemque

26 759 27 762 ’
78 756 270 800 sermonis,
299 755 347 792 ad
375 755 674 802 beneficentiam,
704 760 741 791 et
769 756 950 803 pietatem
977 755 1191 801 respexerit,
1220 766 1305 789 cum
1334 753 1652 790 Odescalchorum
1679 754 1834 789 fortunis
1870 753 1944 789 vir-

17 831 19 865 l
77 839 174 872 tutes
201 836 316 871 etiam
343 836 381 871 in
410 847 496 872 eum
522 835 715 871 translatas
742 847 816 871 non
845 833 1115 870 commendet?
1146 832 1245 879 Quid
1274 833 1399 869 dicam
1428 833 1475 868 de
1496 833 1629 869 ceteris
1648 834 1818 869 fratribus
1838 834 1943 869 Mar-

77 915 212 953 chione
242 915 612 961 Alexandro-Maria,
642 922 679 952 et
711 914 932 952 Marchione
968 914 1216 962 Hieronymo,
1254 925 1412 962 quorum
1448 913 1586 961 primus
1624 914 1746 960 Regio
1783 913 1942 949 admini-

75 996 225 1033 strando
253 997 412 1034 Aerario
442 995 655 1043 Quaestoris
682 1007 833 1032 munere
862 995 1104 1042 praepositus,
1133 1000 1171 1030 et
1197 994 1235 1030 in
1264 994 1530 1041 amplissimum
1558 995 1715 1030 alterum
1745 994 1940 1041 Ordinem,

77 1089 189 1126 quem
216 1077 408 1124 penitioris
436 1076 590 1113 Consilii
619 1081 755 1112 vocant
774 1074 951 1121 adlectus,
971 1075 1129 1111 Senator
1146 1074 1240 1111 alter
1258 1076 1309 1111 ita
1328 1080 1518 1122 paternam
1536 1075 1741 1122 imaginem
1760 1075 1940 1121 doctrina,

78 1166 116 1196 et
142 1169 237 1207 quae
265 1158 413 1206 propria
442 1163 496 1193 est
524 1157 654 1194 Gentis
680 1161 778 1202 tuae,
807 1168 954 1192 morum
982 1156 1163 1192 suavitate
1183 1160 1471 1203 repraesentant,
1500 1162 1540 1192 ut
1558 1156 1666 1193 sicuti
1683 1156 1825 1192 honore
1845 1158 1941 1205 patri

77 1239 250 1287 proximi,
278 1238 328 1275 ita
357 1243 394 1274 et
421 1237 560 1275 meritis
589 1249 674 1274 cum
702 1248 748 1272 eo
777 1237 825 1274 de
861 1236 992 1283 gloria,
1031 1241 1069 1273 et
1105 1237 1257 1284 publica
1295 1236 1404 1273 laude
1442 1242 1585 1273 certare
1624 1237 1830 1283 videantur,
1869 1250 1940 1287 qua

76 1323 227 1367 uterque
257 1330 279 1354 a
307 1318 413 1354 bonis
441 1317 612 1354 omnibus
640 1317 858 1353 cumulatur.
913 1317 1128 1354 Postremus
1166 1329 1255 1353 vero
1284 1317 1416 1354 Abbas
1451 1318 1839 1360 Innocentius-Maria,
1878 1320 1940 1368 qui

73 1403 196 1445 tecum
223 1409 348 1436 sacrae
377 1398 531 1434 militiae
560 1410 696 1434 nomen
724 1397 840 1443 dedit,
870 1397 1066 1444 largitione
1093 1398 1131 1432 in
1159 1409 1340 1445 pauperes
1367 1404 1405 1434 et
1434 1398 1723 1434 Christianarum
1761 1399 1938 1436 virtutum

74 1478 354 1524 exercitatione,
382 1479 453 1515 tuis
480 1477 578 1515 adeo
605 1479 775 1514 inhaeret
802 1478 980 1526 vestigiis,
1010 1485 1050 1514 ut
1077 1490 1123 1514 ne
1152 1478 1268 1515 latum
1297 1478 1448 1527 quidem
1485 1491 1647 1526 unguem
1684 1492 1706 1516 a
1743 1480 1939 1516 virtutibus

72 1559 143 1596 tuis
170 1557 354 1606 discedat3
383 1564 494 1608 atque
513 1559 551 1595 in
578 1560 636 1596 Te
665 1559 877 1597 absolutum
906 1560 1066 1596 numeris
1094 1559 1266 1595 omnibus
1292 1559 1460 1596 Pastoris
1487 1559 1664 1604 officium,
1694 1561 1731 1595 in
1752 1572 1798 1596 eo
1818 1562 1938 1597 mino-

72 1650 154 1675 rum
173 1638 416 1676 Sacerdotum
435 1639 671 1685 modestiam,
692 1646 730 1677 et
747 1640 983 1687 Religionem
1003 1639 1240 1685 admiramur,
1261 1653 1335 1689 quo
1354 1640 1462 1676 nobis
1483 1641 1668 1689 utriusque
1689 1642 1790 1678 vitae
1810 1653 1937 1678 exem-

72 1719 175 1768 plum
201 1731 223 1755 e
249 1725 312 1756 tua
340 1719 386 1757 sit
412 1720 570 1757 Familia
601 1720 814 1768 petendum.

160 1800 233 1838 Ast
260 1812 344 1848 ego,
372 1800 628 1838 PRINCEPS
655 1802 1088 1848 EMINENTISSIME,
1118 1802 1207 1838 dum
1235 1808 1384 1839 tuorum
1421 1802 1620 1850 splendore
1658 1813 1703 1839 ac
1740 1804 1937 1841 virtutibus

70 1882 205 1930 rapior,
233 1882 264 1918 si
293 1881 339 1919 ad
366 1883 585 1931 praecipuas
611 1888 693 1919 tuas
719 1895 780 1918 me
809 1889 1038 1929 convertam,
1069 1883 1133 1919 vix
1159 1883 1284 1919 animo
1313 1884 1493 1920 succurrit
1510 1884 1549 1919 in
1567 1884 1637 1921 hac
1655 1890 1718 1921 tua
1738 1884 1936 1921 Sacrorum

69 1967 271 2010 potestate,
299 1974 344 1999 ac
372 1964 504 2001 aetatis
531 1965 680 2010 robore,
710 1975 821 2012 quem
848 1963 986 2013 fingere
1015 1965 1103 2000 mihi
1131 1966 1439 2013 praestantiorem
1466 1977 1627 2012 possem,
1656 1965 1723 2002 nisi
1762 1966 1934 2013 pristinae

69 2043 276 2079 severitatis
303 2044 511 2091 Episcopos
539 2045 576 2079 in
603 2045 824 2081 memoriam
851 2056 1044 2089 revocem,
1073 2057 1166 2093 quos
1202 2045 1420 2092 imitatione,
1461 2058 1505 2082 ac
1542 2058 1689 2083 morum
1725 2047 1935 2083 innocentia

67 2122 201 2160 iterum
227 2124 266 2159 in
292 2123 349 2160 Te
379 2124 486 2160 nobis
514 2124 725 2170 reddidisti;
755 2124 853 2161 unde
881 2126 950 2162 hac
987 2126 1161 2162 omnibus
1196 2126 1441 2163 admiratione
1478 2126 1610 2175 dignus
1645 2127 1795 2173 videris,
1833 2126 1934 2175 quod

66 2202 193 2241 laxata
219 2204 294 2251 jam
323 2210 430 2241 vetus
457 2205 653 2242 Ecclesiae
690 2205 893 2253 disciplina,
928 2212 966 2242 et
993 2206 1223 2244 Christianae
1252 2207 1399 2254 pietatis
1427 2207 1589 2243 studium
1617 2208 1663 2244 ad
1702 2208 1934 2255 voluptatem

66 2283 282 2322 translatum
310 2291 377 2321 est.
433 2285 571 2322 Merito
600 2286 710 2333 igitur
737 2287 774 2321 in
803 2288 885 2334 ipso
913 2292 980 2325 tuo
1007 2298 1133 2323 sacrae
1163 2287 1314 2324 militiae
1352 2289 1540 2336 tyrocinio
1568 2288 1768 2335 dignitates
1805 2299 1866 2324 eas
1894 2300 1934 2324 es

68 2370 328 2414 consequutus,
370 2377 461 2414 quas
498 2366 560 2402 alii
597 2367 666 2403 sibi
703 2373 788 2414 post
824 2367 974 2416 longam
1012 2373 1176 2404 aetatem
1214 2371 1525 2416 comparaverint.
1581 2370 1797 2406 Antevertit
1834 2371 1933 2406 enim

66 2449 227 2482 aetatem
253 2451 355 2483 tuam
382 2447 559 2484 virtutum
589 2447 769 2493 cumulus,
799 2454 837 2484 et
865 2448 1204 2485 Mediolanensium
1223 2451 1382 2495 fortuna,
1402 2461 1497 2498 quae
1516 2451 1710 2487 Pastorem
1729 2451 1798 2487 sibi
1818 2463 1932 2498 expe-

66 2525 183 2562 tebat.
237 2526 314 2563 Vix
342 2528 440 2563 enim
468 2527 661 2564 Ferrariae
689 2539 732 2564 ac
760 2529 954 2565 Bononiae
984 2529 1102 2577 prima
1130 2530 1348 2577 prudentiae
1376 2531 1583 2577 specimina
1612 2531 1824 2576 exhibuisti,
1863 2531 1931 2567 Vi-

66 2604 235 2652 celegati,
264 2618 376 2654 quem
403 2607 542 2653 dicunt,
573 2620 724 2645 munere
761 2609 920 2646 feliciter
948 2611 1104 2656 functus,
1142 2610 1190 2647 ad
1227 2610 1448 2647 Polonicam
1484 2611 1712 2659 legationem
1749 2611 1930 2659 dimissus,

67 2685 307 2723 Cardinalitia
334 2686 513 2735 dignitate
542 2688 701 2726 donatus
730 2702 780 2736 es,
810 2703 969 2741 cumque
999 2691 1098 2738 apud
1124 2691 1306 2740 inclytum
1334 2693 1481 2739 Regem
1509 2704 1583 2728 non
1619 2692 1813 2739 vulgarem
1849 2704 1930 2739 gra-

63 2766 155 2802 tiam
182 2766 322 2813 inisses,
350 2767 390 2803 id
417 2768 529 2805 etiarn
556 2769 709 2806 honoris
737 2771 905 2817 accessit,
934 2776 973 2808 ut
1010 2783 1058 2808 ex
1093 2772 1206 2820 ipsius
1242 2784 1353 2809 manu
1390 2772 1572 2821 frequenti
1609 2785 1748 2820 pompa
1785 2773 1928 2820 insigne

0 2881 2 2898 ζ
61 2856 183 2881 novae
212 2844 400 2893 dignitatis
429 2848 629 2896 acciperes,
659 2855 697 2886 et
723 2857 884 2887 certasse
912 2852 1188 2900 propemodum
1225 2865 1311 2889 cum
1347 2854 1524 2889 Romano
1560 2852 1742 2889 Pontifice
1780 2854 1929 2900 Regem

62 2924 110 2961 de
137 2925 308 2973 augenda
336 2926 516 2974 dignitate
543 2928 746 2966 videretur.
802 2931 878 2967 Sed
905 2937 1107 2981 antequam
1134 2933 1273 2971 Sacrae
1302 2935 1490 2981 Purpurae
1518 2933 1700 2970 honorem
1737 2934 1928 2981 acciperes

907 3106 1080 3128 —2—
