2314 3418
117 232 201 266 [ΔΛ.
220 233 236 258 1
241 232 338 259 σεο-1
343 232 419 264 088]

481 225 551 260 DE
580 223 749 260 REBUS
778 222 956 259 GESTIS
987 223 1204 260 ROGERII
1233 221 1444 258 COMITIS
1471 222 1585 257 ETC.

115 345 216 380 lator.
261 345 438 379 Ecclesiae
459 345 586 388 passim
609 355 674 388 per
694 344 890 378 universam
911 343 1067 377 Siciliam
1090 343 1164 376 fieri
1188 343 1345 386 imperat3
1368 343 1443 386 ipse
1466 342 1622 385 pluribus
1644 342 1682 375 in
1709 342 1794 376 locis
1822 342 1867 376 de
1897 352 1959 374 suo

118 405 290 443 sumptus,
304 398 429 442 quibus
450 397 590 431 facilius
612 397 706 436 fiant,
729 397 893 431 attribuit.

207 451 247 485 In
269 451 355 485 urbe
378 450 609 496 Agrigentino.
630 450 887 494 pontificalibus
908 449 1029 483 intulis
1052 449 1252 482 cathedram
1269 450 1443 483 sublimat.
1469 450 1581 490 terris,
1604 450 1749 483 decimis
1765 455 1800 482 et
1817 449 1962 482 diversis

25 535 28 536 γ
120 505 241 549 copiis,
264 514 354 549 quae
377 504 531 547 pontifici
554 510 589 538 et
612 504 723 538 clero‘
748 507 982 547 competenter
1006 503 1186 546 designata
1209 502 1398 543 sufficiant,
1429 502 1688 536 haereditaliter
1717 502 1959 547 chirographis

24 562 27 591 ζ
75 557 94 591 5
117 558 188 592 suis
210 557 318 597 dotat,
345 557 555 591 ornamentis
585 562 621 590 et
650 557 740 590 sacri
769 556 886 590 altaris
916 554 1119 588 utensilibus
1150 555 1195 588 ed
1225 555 1366 598 plenum
1397 555 1616 599 consignatis.
1664 555 1755 588 Huic
1787 555 1960 589 ecclesiae

25 606 28 611 ⁴
119 610 330 646 Gerlandum
353 611 538 654 quendam,
561 611 701 644 natione
724 609 964 654 Allobrogum,
988 608 1109 648 virum,
1132 614 1170 640 ut
1184 607 1289 651 ajunt,
1306 619 1452 653 magnae
1468 609 1648 642 charitatis
1663 614 1698 641 et
1713 609 1962 642 ecclesiasticis

117 664 310 707 disciplinis
331 663 517 704 eruditum,
540 664 742 707 episcopum
765 663 940 700 ordinans,
963 661 1135 704 praefecit
1147 661 1168 694 ¹.

204 718 308 751 Haud
337 727 435 751 secus
467 717 560 761 apud
590 716 775 750 Mazariam
806 715 926 749 facere
957 713 1100 754 addens,
1123 715 1280 748 omnibus
1303 726 1390 758 quae
1413 716 1480 748 rite
1502 715 1719 749 sufficienter
1741 716 1896 758 praelato
1927 722 1963 749 et

117 770 259 805 clericis
281 769 327 804 ad
348 770 490 814 plenum
513 770 711 814 designatis,
734 769 957 813 Stephanum,
980 768 1154 813 quendam
1177 768 1507 812 Rothomagensem,
1530 769 1697 802 honestae
1721 770 1812 802 vitae
1839 771 1963 808 virum,

57 825 96 858 10
120 823 324 868 episcopum
347 824 520 857 ordinavit
530 822 553 857 ².

204 876 311 921 Apud
334 877 543 922 Syracusam
565 887 649 911 vero
672 877 763 910 idem
786 875 939 920 adjicens
961 875 1166 919 Rogerium,
1183 876 1354 908 decanum
1370 875 1542 909 ecclesiae
1559 875 1782 920 Traynensis,
1799 877 1963 910 honestae

117 931 321 964 eruditionis
343 930 508 964 clericum
531 936 567 964 et
589 930 671 964 boni
693 930 797 963 moris
819 935 853 962 et
874 928 1089 962 affabilitatis
1118 928 1239 967 virum,
1270 928 1305 960 in
1335 928 1522 962 Provincia
1553 934 1675 968 ortum,
1706 929 1963 972 pontificalibus

115 984 234 1018 infulis
257 983 463 1017 sublimavit.
508 982 772 1028 Traynensibus
793 993 863 1015 non
884 982 1060 1015 minimum
1083 982 1128 1015 de
1151 982 1225 1015 eius
1255 982 1436 1015 amissione
1467 982 1674 1022 dolentibus,
1707 983 1835 1027 quippe
1866 983 1963 1017 cuius

39 1077 42 1080 y
119 1029 280 1072 doctrina
301 1043 339 1070 et
360 1038 520 1080 exemplo
543 1037 587 1070 ad
610 1037 752 1071 meliora
773 1046 911 1079 semper
930 1035 1169 1074 hortabantur,
1193 1041 1228 1069 et
1250 1036 1397 1069 consilio
1419 1042 1454 1069 et
1477 1035 1677 1079 eloquentia
1699 1036 1805 1070 etiam
1828 1037 1863 1070 in
1877 1037 1963 1080 ipsis

33 1082 42 1106 ³·
55 1090 93 1124 15
115 1091 351 1124 saecularibus
373 1090 531 1135 negotiis,
554 1090 651 1134 quasi
675 1100 740 1133 pro
761 1089 887 1123 baculo
910 1089 1177 1126 sustentationis,
1200 1089 1406 1123 utebantur:
1430 1099 1510 1122 nam
1535 1094 1580 1129 et,
1612 1088 1753 1123 absente
1784 1090 1962 1133 episcope,

117 1144 213 1177 vices
234 1143 302 1176 sibi
324 1143 503 1187 delegatas
525 1153 603 1176 cum
628 1143 720 1176 omni
741 1143 926 1186 prudentia
948 1147 984 1176 et
1004 1142 1242 1176 moderatione
1273 1142 1510 1186 exequebatur
1523 1142 1547 1174 ³.

204 1197 313 1240 Apud
335 1196 500 1230 Sanctam
524 1197 751 1239 Euphemiam
774 1205 870 1236 vero,
900 1196 1126 1229 monachum‘
1150 1196 1336 1239 quendam,
1358 1197 1499 1229 natione
1530 1195 1718 1236 Britonem,
1741 1197 1853 1230 virum
1876 1198 1959 1231 reli-

116 1251 263 1296 giosum,
286 1256 364 1293 post
385 1250 544 1284 abbatem
567 1256 673 1283 totam
696 1248 880 1283 ecclesiam
900 1248 1063 1292 prudenti
1085 1249 1322 1282 moderamine
1344 1249 1500 1288 audiens,
1522 1256 1560 1283 ut
1581 1251 1674 1282 hunc
1697 1250 1868 1284 ecclesiae
1895 1251 1964 1285 Ca-

114 1305 254 1338 thaniae
279 1322 322 1327 —
344 1304 373 1336 si
396 1303 582 1346 impetrare
605 1308 710 1346 queat
739 1320 782 1326 —
812 1302 1012 1345 episcopum
1044 1302 1192 1340 ordinet,
1222 1302 1382 1335 intendit.

1429 1303 1550 1342 Quare
1580 1310 1615 1336 et
1645 1313 1708 1346 per
1739 1305 1961 1347 semetipsum

41 1359 94 1398 ,20
115 1357 199 1392 illuc
221 1357 406 1396 accedens,
428 1356 486 1388 vix
507 1357 660 1395 tandem,
682 1355 860 1389 monachis
880 1355 950 1388 hoc
972 1365 1094 1389 carere
1116 1355 1313 1389 volentibus
1335 1374 1377 1379 —-
1400 1356 1477 1399 ipso
1497 1357 1603 1390 etiam
1626 1367 1710 1399 prae
1727 1358 1876 1390 caeteris
1891 1368 1965 1391 am·-

120 1705 152 1709 —
175 1689 263 1722 18-19.
282 1689 436 1715 Catanensi
450 1709 452 1713 ,
528 1689 661 1714 ordinare
682 1689 805 1714 intendit
824 1690 851 1712 P

204 1786 214 1804 ¹
227 1789 260 1814 In
275 1788 418 1813 relazione
431 1789 488 1813 alla
502 1789 652 1820 conquista
666 1788 695 1812 di
711 1789 810 1820 questa
823 1786 894 1813 cittii
906 1789 1010 1813 stanno

116 1831 143 1856 la
161 1838 211 1856 sus
229 1831 395 1856 elevazione
413 1837 429 1855 a
448 1831 512 1855 sede
527 1830 668 1855 vescovile
681 1837 696 1854 e
709 1830 737 1854 la
751 1829 954 1863 designazione
965 1829 1011 1855 dei

115 1871 242 1898 territori
262 1873 397 1898 destinati
419 1881 434 1897 a
461 1873 603 1898 sormarne
628 1873 655 1897 la
681 1872 799 1898 diocesi.
834 1871 858 1898 11
883 1872 1011 1907 procedi—

117 1917 212 1940 mento
231 1915 276 1940 del
301 1914 396 1940 Conte
414 1914 429 1940 e
449 1915 576 1940 identIco
602 1922 619 1939 a
643 1914 740 1947 quello
765 1913 812 1947 gia
837 1916 937 1940 tenuto
962 1922 1010 1948 per

115 1957 234 1988 Troius,
253 1957 288 1983 ed
306 1965 322 1982 a
341 1957 436 1989 quello
455 1957 559 1989 ch’egli
577 1956 652 1981 terra
672 1957 717 1981 nel
743 1964 824 1982 corso
844 1957 920 1989 degli
941 1959 1009 1982 anni

60 2000 63 2018 ἶ
116 2000 245 2033 seguenti
264 1998 445 2031 (1086-1088)
463 2006 512 2033 per
533 1999 558 2023 le
571 1999 643 2024 altre
657 1998 766 2024 diocesi
779 1999 919 2024 siclliane.
955 1999 1009 2023 Dal

55 2060 59 2070 s
118 2043 251 2067 racconto
270 2042 316 2067 del
336 2042 373 2066 M.
393 2048 460 2074 pare
478 2042 529 2066 che
550 2043 578 2065 in
598 2049 656 2066 uno
670 2043 761 2066 stesso
774 2043 870 2074 tempo
885 2041 907 2066 il
926 2043 1010 2067 conte

60 2116 62 2118 v
117 2082 260 2118 Ruggiero
279 2084 363 2109 abbia
382 2085 534 2109 costituito
553 2085 564 2108 i
587 2085 731 2108 vescovati
758 2084 790 2109 dl
814 2082 957 2117 Girgentl,
981 2084 1008 2109 di

117 2127 254 2157 Mazzara,
272 2127 303 2153 di
321 2126 452 2152 Slracusa
471 2135 486 2152 e
505 2127 534 2151 di
555 2127 686 2152 Catanin.
725 2127 770 2151 Ad
788 2128 857 2161 ogni
885 2128 970 2152 modo
995 2125 1010 2152 ὲ

117 2169 279 2194 verosimile
299 2169 349 2194 che
361 2176 411 2203 per
424 2169 517 2202 prima
531 2169 587 2202 egli
603 2170 766 2201 designasse
780 2169 806 2193 le
821 2169 880 2194 sedi
891 2176 907 2194 e
919 2169 945 2194 le
957 2169 1010 2194 cir-

117 2211 291 2236 coscrlzloni
302 2211 475 2236 territoriali
485 2211 559 2235 delle
572 2211 690 2239 diocesi,
702 2218 717 2235 e
731 2210 858 2236 soltanto
870 2208 922 2244 piu
934 2211 1010 2236 tardi

51 2279 56 2288 χ
116 2253 279 2286 procedesse
298 2253 356 2279 alla
375 2253 463 2278 scelta
484 2254 527 2278 dei
550 2254 674 2284 vescovi,
694 2252 862 2285 preferendo
881 2253 1009 2278 ecclesia-

59 2326 65 2331 ,Ἰ
115 2296 183 2322 stlel
195 2295 225 2322 di
238 2297 328 2329 stirpe
348 2303 514 2321 normanna.
552 2295 717 2325 posteriori,
738 2296 845 2327 invece,
863 2295 893 2320 dl
913 2296 1008 2321 alcuni

115 2338 184 2362 anni
205 2344 276 2363 sono
301 2337 328 2362 le
350 2337 500 2366 confer-me,
521 2337 570 2361 che
591 2337 616 2361 la
637 2337 725 2361 Santa
743 2336 812 2361 Sede
835 2337 890 2361 rece
908 2338 936 2362 di
956 2338 1007 2362 tali

60 2400 61 2404 ,
116 2380 179 2405 atti.

54 2446 57 2449 ,
201 2422 320 2447 Intorno
340 2422 369 2447 ai
387 2421 506 2455 diplomi
528 2422 558 2446 di
578 2422 754 2447 fondazione
779 2421 854 2446 delle
878 2422 938 2447 sedi
963 2430 1010 2447 ve-

56 2463 61 2470 ”
115 2465 220 2490 scovm
239 2464 316 2490 della
334 2463 436 2490 sicilia
455 2466 556 2490 vivace
575 2462 590 2489 ὲ
610 2466 683 2489 stata
697 2463 725 2488 la
740 2464 918 2488 discussione
938 2465 981 2489 fra
1002 2466 1008 2488 i

53 2510 60 2536 j
78 2524 84 2533 .
115 2506 200 2533 dotti.
236 2507 405 2541 Impuguata
430 2508 607 2541 soprattutto
632 2506 711 2531 dallo
736 2506 919 2538 Susum,
946 2506 1009 2532 Con-

66 2563 70 2566 ·
114 2549 213 2574 tributo
231 2548 284 2574 auo
295 2549 381 2574 :tudio
393 2549 464 2574 delta
476 2548 646 2581 diplomatum
658 2549 785 2573 siciliam
798 2548 842 2572 dei
858 2549 941 2580 unp!
950 2556 1009 2574 nor-

65 2650 68 2663 2
115 2633 210 2659 sacua
228 2633 413 2668 (maz-1093),
434 2635 465 2659 in
479 2634 585 2659 Aren.
605 2633 702 2658 sto..
717 2633 1009 2664 s101112n0,N.s..

64 2675 71 2709 ᾗ,
115 2676 173 2702 vol.
191 2675 285 2702 xvm
303 2675 405 2710 (1893),
424 2684 451 2710 p.
471 2683 505 2709 30
523 2684 537 2700 e
557 2683 624 2709 agg„
640 2675 668 2700 la.
682 2675 746 2699 loro
760 2673 932 2700 autenticus
944 2673 959 2701 δ
971 2682 1009 2700 un

59 2735 65 2758 ᾧ
116 2719 191 2744 fatto
215 2720 282 2752 oggi
307 2719 520 2749 rlconoscluto;
541 2717 650 2751 perche,
672 2725 751 2743 come
770 2717 833 2742 dice
852 2718 873 2742 11
893 2716 1008 2752 Caput,

18 2747 19 2750 Ἴ
57 2760 72 2773 '¹
115 2758 162 2787 dni
179 2762 269 2794 punto
288 2761 319 2786 di
340 2762 414 2786 vista.
433 2761 619 2794 diplomatico
642 2767 743 2785 nessun
763 2760 904 2785 elemento
925 2761 1011 2793 impe-

61 2795 69 2810 ⁵
115 2803 191 2829 disce
217 2803 408 2829 d'ammettere
434 2801 626 2830 l’autenticitaei
651 2804 679 2827 di
707 2803 761 2827 tall
787 2803 961 2834 documenti,
979 2803 1009 2828 ln

60 2848 84 2877 ζ
115 2848 249 2880 sosoegno
261 2846 308 2872 del
319 2847 408 2879 quali,
421 2847 634 2880 agglunglamo,
649 2849 752 2871 stanno
767 2846 792 2870 le
806 2845 1008 2871 informnzioni

57 2915 62 2925 g
116 2888 166 2914 che
183 2887 317 2914 Goffredo
337 2889 489 2914 Malaterra
508 2887 543 2914 di
563 2890 591 2913 in
612 2890 712 2920 questo
731 2887 868 2920 capitolo.
907 2887 939 2912 V.
953 2886 1010 2912 CA-

63 2930 89 2947 '³
113 2936 195 2960 arn.
213 2930 266 2956 Die
285 2930 593 2964 Grandungmrkuaaen
611 2931 668 2960 cit„
690 2937 715 2961 p.
736 2935 785 2963 595
807 2937 864 2962 sgg.

201 2972 224 2998 ll
243 2973 338 3005 primo
357 2974 420 2999 atto
439 2972 599 3006 pontificio,
612 2972 662 2997 che
677 2971 810 3004 rigunrda
823 2972 844 2996 11
859 2974 1010 2997 vescovato

64 3007 71 3039 ἶ
119 3014 146 3039 dl
166 3013 309 3048 (ingenti,
329 3014 343 3040 e
362 3015 429 3048 pero
443 3016 471 3040 di
487 3015 615 3049 parecchi
637 3015 707 3039 anni
722 3015 878 3046 posteriore
891 3014 948 3040 alla
962 3022 1010 3039 sna

55 2580 69 2598 ‘³
114 2591 227 2616 muz.-
253 2590 376 2623 Dok-u
397 2591 428 2616 a.-
442 2590 605 2622 fanan-tm
629 2590 696 2615 acue
720 2590 803 2615 cm„
826 2590 967 2623 epiecopau
982 2591 1013 2615 αι·

116 1411 207 1454 plius
229 1410 424 1444 reluctante
448 1428 491 1434 —-
514 1409 674 1443 obtinuit.
720 1409 848 1452 Sicque
870 1408 1067 1442 solemniter
1090 1409 1326 1452 episcopatum
1352 1410 1562 1448 concedens,
1590 1411 1684 1454 quod
1713 1410 1800 1444 nulli
1827 1410 1965 1454 episco—

115 1474 238 1508 porum
261 1463 391 1496 fecisse
416 1463 649 1507 cognoscitur,
673 1469 779 1496 totam
801 1462 922 1497 urbem
943 1462 1019 1496 sedi
1043 1473 1126 1496 suae
1149 1474 1228 1496 cum
1252 1462 1410 1496 omnibus
1433 1464 1638 1506 appendicis
1661 1464 1730 1497 suis
1753 1464 1816 1497 sub
1849 1464 1964 1498 chiro-

116 1517 250 1561 grapho
274 1522 309 1549 et
331 1516 475 1549 testibus
497 1515 758 1549 haereditaliter
779 1515 1025 1558 possidendam
1055 1516 1245 1559 assignavit
1257 1516 1279 1550 ⁴.

210 1655 232 1673 1.
256 1647 384 1673 Siciliam
405 1650 516 1680 reparat
535 1647 596 1672 PC
613 1661 644 1665 -
666 1652 718 1679 4-5.
738 1646 951 1672 haereditaliter
970 1648 1020 1672 sub
1041 1649 1211 1672 testamento
1231 1648 1447 1680 cytografizans,
1468 1648 1551 1673 dotat
1572 1650 1635 1673 BD
1657 1662 1687 1666 —
1707 1650 1731 1674 8.
1746 1649 1884 1673 Mazaram
1899 1651 1962 1675 Pl)

1066 1788 1250 1814 soudazione.
1288 1780 1309 1813 ὲ
1335 1789 1379 1814 del
1409 1795 1484 1822 ¹093·
1511 1797 1525 1813 e
1545 1790 1569 1814 si
1589 1790 1717 1815 riferisce
1736 1790 1792 1815 alla
1814 1791 1960 1816 circoscri-

1066 1831 1150 1855 aione
1167 1831 1343 1856 territoriale
1361 1831 1436 1856 della
1456 1831 1581 1857 diocesi:
1595 1832 1631 1857 cs.
1644 1831 1827 1864 S‘rnmuana,
1846 1836 1886 1864 op.
1904 1834 1961 1862 cie..

1066 1881 1093 1905 p.
1112 1881 1164 1906 44;
1184 1872 1312 1903 elsam,
1330 1877 1372 1906 op.
1390 1875 1444 1903 cm,
1464 1882 1490 1907 p.
1510 1874 1574 1900 006.

1194 1916 1335 1948 superfluo
1355 1924 1509 1942 accennare
1521 1917 1572 1949 qui
1585 1917 1642 1942 alla
1655 1918 1804 1950 questione
1817 1919 1961 1944 dlbattuta

1065 1959 1138 1983 sulle
1157 1959 1264 1983 decime
1282 1959 1358 1984 della
1383 1958 1487 1984 chiesa
1512 1960 1706 1992 agrigentina,
1729 1961 1847 1985 intorno
1875 1968 1891 1985 a
1915 1962 1960 1986 cui

1067 2009 1092 2026 v.
1110 2001 1264 2032 Puwrmzo,
1284 2000 1320 2025 Le
1339 2002 1436 2026 decime
1454 2002 1485 2025 di
1503 2002 1631 2034 Gi’rgentl
1641 2009 1655 2025 e
1667 2002 1679 2025 i
1690 2003 1842 2028 document!
1849 2003 1962 2035 apocrifi

1065 2042 1276 2076 (Cffltanisetta.
1299 2043 1378 2074 1901)
1397 2051 1412 2067 e
1429 2043 1578 2074 SAvaiom,
1598 2043 1634 2068 Le
1652 2045 1749 2068 decime
1761 2045 1793 2068 dn·
1805 2046 1900 2069 Sicilia
1913 2043 1960 2077 gia

1065 2086 1114 2111 cit.

1153 2125 1164 2142 ²
1183 2127 1271 2152 Come
1290 2127 1386 2158 quello
1406 2127 1437 2151 di
1457 2126 1601 2159 Girgenti,
1622 2127 1642 2151 il
1664 2128 1758 2159 primo
1778 2129 1839 2152 atto
1858 2128 1908 2153 che
1933 2130 1958 2152 ci

1065 2171 1139 2194 resta
1157 2168 1233 2193 della
1252 2169 1346 2194 chiesa
1366 2170 1396 2194 ‹li
1416 2169 1548 2194 Mazzara
1566 2167 1580 2193 ὲ
1600 2170 1627 2193 la
1647 2170 1723 2194 bolla
1745 2170 1771 2194 di
1800 2169 1915 2195 Urbano
1935 2170 1960 2194 11

1065 2212 1110 2236 del
1132 2218 1208 2244 1093.
1247 2212 1288 2240 V.,
1309 2211 1382 2236 oltre
1401 2211 1584 2242 Sraananna,
1598 2215 1638 2244 op.
1656 2213 1709 2240 cin,
1730 2220 1756 2245 p.
1777 2220 1820 2244 44,
1833 2212 1959 2241 Gamm,

1064 2254 1222 2280 L'Archlm'o
1233 2254 1376 2287 capitolare
1389 2256 1420 2280 dn·
1432 2256 1563 2287 Girgenti,
1577 2257 1605 2280 in
1622 2255 1647 2279 A
1657 2263 1690 2280 rc
1699 2256 1726 2281 h.
1741 2256 1759 2280 S
1768 2258 1802 2280 to
1811 2264 1833 2281 r.
1846 2256 1904 2281 Sic
1914 2258 1921 2281 i
1932 2257 1958 2288 1.,

1065 2297 1098 2321 N.
1117 2296 1154 2326 5.,
1173 2297 1230 2321 vol.
1249 2296 1376 2326 XXVIII,
1396 2305 1423 2330 p.
1444 2303 1502 2329 140.

1153 2336 1164 2353 ³
1182 2338 1194 2362 1
1214 2338 1268 2363 due
1286 2339 1373 2371 primi
1394 2339 1568 2368 documenti,
1588 2339 1639 2363 che
1659 2340 1830 2371 riguardano
1851 2340 1877 2364 la
1897 2341 1959 2364 sede

1066 2380 1209 2406 vescovile
1228 2381 1257 2405 di
1276 2380 1415 2413 Siracusa,
1437 2389 1509 2406 sono
1530 2390 1565 2406 un
1587 2381 1715 2414 diploma
1729 2382 1773 2406 del
1788 2382 1871 2407 conte
1884 2381 1960 2415 Rug-

1064 2424 1144 2456 glero
1166 2423 1199 2448 ed
1213 2431 1269 2448 una
1282 2424 1361 2449 bolla
1374 2424 1532 2457 pontificia.
1551 2424 1575 2449 11
1590 2425 1726 2458 diploma,
1742 2424 1860 2449 sebbene
1873 2425 1958 2457 privo

1065 2465 1094 2490 di
1114 2466 1270 2498 datazione,
1292 2474 1327 2492 va
1338 2467 1483 2492 collocato
1498 2474 1556 2492 non
1570 2468 1661 2500 prima
1674 2467 1719 2491 del
1734 2467 1862 2491 febbraio
1878 2473 1959 2499 1090:

1066 2515 1119 2533 con
1139 2515 1210 2538 esso,
1229 2509 1306 2534 Noto
1326 2516 1340 2534 e
1363 2510 1388 2534 le
1407 2517 1456 2535 sue
1475 2510 1628 2535 adiacenze
1653 2517 1787 2542 vengono
1813 2510 1960 2542 assegnate

1065 2550 1122 2575 alla
1140 2551 1235 2576 chiesa
1254 2551 1284 2576 dl
1303 2550 1443 2582 siracusa,
1462 2552 1538 2577 della
1557 2553 1601 2577 cui
1623 2553 1840 2577 circoscrizione
1866 2552 1959 2576 dioce-

1065 2599 1133 2617 sana
1152 2593 1176 2618 sl
1196 2592 1299 2618 flssano
1319 2595 1425 2619 inoltre
1446 2595 1453 2618 i
1475 2594 1579 2624 limitig
1599 2595 1635 2619 cf.
1655 2594 1838 2624 suanum,
1851 2597 1890 2625 op.
1902 2594 1959 2622 cit„

1066 2641 1091 2667 p.
1111 2641 1144 2667 44
1164 2642 1223 2668 sgg.
1260 2636 1300 2661 La
1319 2636 1399 2661 bolla
1418 2636 1573 2669 pontificm,
1599 2637 1708 2661 redatta
1735 2637 1769 2661 ad
1795 2636 1909 2669 Anagni
1938 2635 1959 2660 il

1068 2674 1094 2700 1⁰
1111 2676 1251 2702 dicembre
1270 2677 1315 2702 del
1337 2684 1413 2711 1091,
1433 2679 1576 2703 conferma
1596 2679 1694 2703 invece
1713 2678 1740 2702 la
1755 2677 1841 2702 scelta
1855 2678 1898 2702 del
1913 2685 1960 2701 ve-

1065 2726 1168 2749 scovo;
1183 2719 1481 2752 jaare-Lawsumm,
1501 2721 1611 2753 Regma
1630 2721 1686 2748 cit..
1708 2725 1784 2753 5497.

1152 2760 1163 2778 ⁴
1180 2761 1242 2787 Due
1261 2762 1423 2788 documenti
1446 2765 1467 2787 si
1484 2763 1654 2787 riferiscono
1667 2763 1722 2787 ullu
1739 2763 1960 2787 ricostituzione

1065 2804 1140 2829 della
1159 2805 1265 2830 diocesi
1286 2806 1316 2830 dl
1335 2804 1467 2834 Catania,
1488 2813 1536 2838 per
1560 2805 1585 2829 la
1599 2804 1690 2837 quale,
1705 2803 1807 2838 poiche
1820 2804 1847 2829 la
1861 2804 1931 2828 cltta
1945 2812 1959 2828 e

1065 2846 1093 2871 la
1105 2853 1177 2872 zona
1190 2849 1362 2873 circostante
1375 2856 1461 2874 erano
1482 2849 1689 2873 intensumente
1707 2847 1846 2880 popolate
1864 2847 1900 2871 da
1919 2854 1959 2871 sa-

1066 2891 1169 2922 raceni,
1185 2890 1216 2915 fu
1228 2892 1384 2916 necessaria
1398 2898 1453 2915 una
1468 2892 1613 2923 maggiore
1626 2890 1800 2915 attenzionc.
1827 2889 1849 2913 11
1864 2889 1958 2922 primo

1065 2931 1096 2956 di
1120 2933 1210 2964 questi
1230 2933 1391 2958 documenti
1410 2932 1425 2958 ὲ
1443 2940 1481 2957 1111
1502 2933 1631 2965 diploma
1650 2932 1694 2956 del
1715 2933 1800 2956 conte
1814 2931 1958 2964 Ruggiero

1065 2973 1110 2998 del
1123 2980 1140 3006 9
1159 2974 1300 3000 dicembre
1322 2981 1402 3007 ¹09¹3
1422 2975 1452 2999 vl
1473 2975 1497 2999 si
1517 2974 1595 3007 parla
1610 2973 1761 2999 dell’abnte
1776 2974 1904 3006 Angerio
1918 2971 1955 3006 (al

1065 3015 1156 3047 quale,
1174 3015 1262 3042 com’e
1282 3019 1360 3048 noto,
1380 3017 1402 3041 il
1416 3016 1453 3041 Μ.
1473 3016 1572 3041 dedico
1587 3016 1606 3041 11
1618 3023 1669 3041 suo
1684 3015 1771 3048 libro)
1784 3015 1814 3040 di
1827 3015 1961 3043 Cntania,

1989 1883 2022 1909 35

1989 2098 2022 2123 40

1988 2307 2019 2332 45

1988 2519 2022 2545 50

1987 2727 2018 2753 55

1986 2930 2022 2954 60

2044 1209 2074 1230 1).
2090 1208 2149 1228 [δεῖν
