2314 3418
166 230 469 265 [AA.1os⁷-1oss]
537 225 607 260 DE
635 225 803 262 REBUS
831 225 1011 261 GESTIS
1039 223 1254 260 ROGERII
1283 223 1495 259 COMITIS
1525 223 1637 258 ETC.
1961 223 2004 258 91

165 347 224 392 qui
245 347 326 392 jam,
348 348 494 382 foedere
517 354 630 391 rupto,
652 348 820 382 adversus
842 348 985 382 fratrem
1002 346 1274 390 conspiraverat,
1290 345 1393 379 homo
1408 345 1557 379 efficitur
1571 344 1591 378 ¹.
1638 344 1782 391 Majam,
1805 356 1909 389 quam
1932 355 2013 388 per-

163 406 308 440 vaserat,
332 406 367 434 et
390 411 527 434 omnem
550 408 690 441 terram,
713 412 813 445 quam
838 401 1099 435 haereditaliter
1122 411 1142 433 a
1163 406 1263 444 patre
1294 399 1362 433 sibi
1393 400 1550 433 relictam
1582 399 1646 432 sub
1678 401 1768 433 duce
1798 398 2012 442 possidebat,

164 454 241 498 ipso
265 454 354 487 duce
378 456 592 494 renunciate,
615 461 650 488 et
673 456 897 488 sacramentis
922 455 1195 489 confoederatus
1218 453 1433 491 Boamundo‚
1457 453 1501 486 ab
1525 453 1602 495 ipso
1625 453 1762 496 recipit.

250 560 294 594 X·
320 578 361 584 —
385 560 432 594 At
455 561 686 600 Boamundus,
709 562 896 595 ambitione
919 560 1228 595 nanciscendarum
1253 578 1293 582 —
1318 559 1525 602 pervasione
1551 571 1654 603 super
1677 560 1802 594 fratem
1819 579 1861 584 —-
1878 559 2012 593 urbium

119 613 138 646 5
161 614 292 655 avidus,
315 626 394 648 cum
416 615 614 649 Cusentinis
635 622 772 650 secreto
795 616 839 649 de
863 615 1049 649 traditione
1073 614 1168 648 urbis
1191 614 1273 658 agit,
1296 613 1499 656 promittens
1522 624 1558 647 se
1583 613 1772 652 castellum,
1804 614 1899 657 quod
1930 614 2010 652 dux,

161 667 229 700 illis
250 667 408 707 invisum,
430 668 467 701 in
489 669 613 702 eadem
636 669 722 703 urbe
744 670 950 708 firmaverat,
972 669 999 701 si
1023 679 1140 702 eorum
1164 667 1292 701 auxilio
1316 676 1442 709 capere
1465 667 1583 709 possit,
1607 668 1764 700 funditus
1789 668 1939 700 dirutum
1955 667 2010 701 iri.

162 717 244 759 Qua
265 721 496 764 promissione
518 722 582 761 illi,
605 722 651 756 ad
672 722 832 756 fraudem
854 722 1010 764 proclive
1034 721 1154 759 illecti,
1178 721 1382 754 Boamundo
1408 722 1644 759 assentientes,
1668 722 1764 754 illum
1779 722 1873 754 infra
1888 721 2008 755 urbem

162 783 240 806 cum
261 785 323 807 sua
346 775 476 808 virtute
500 776 705 819 suscipiunt:
729 775 956 809 sacramentis
978 775 1044 808 sibi
1067 774 1374 808 confoederantur.
1420 773 1610 808 Castellum
1635 775 1813 813 vallantes,
1831 786 2012 819 oppugna-

161 833 231 860 tum
254 828 396 862 vadunt.

66 893 70 902 2
97 881 136 913 10
249 880 356 920 Quod
373 892 452 916 cum
468 883 551 916 duci
567 882 601 915 in
624 881 798 926 Apuliam,
815 882 874 916 ubi
890 889 973 916 tunc
987 882 1198 921 morabatur,
1214 882 1431 915 nunciatum'
1448 882 1582 921 fuisset,
1599 884 1789 917 exercitum
1806 884 2005 924 admovens,
2103 893 2126 917 C.
2142 900 2167 918 ιι
2177 900 2190 913 v

159 934 313 968 illorsum
336 935 524 975 accelerat;
549 936 828 980 avunculumque
850 936 916 970 sibi
938 937 975 969 in
997 936 1162 969 auxilium
1184 935 1345 975 invitans,
1372 941 1410 969 ut
1433 935 1498 969 sibi
1530 937 1625 979 apud
1656 936 1857 970 Cusentium
1889 937 2011 971 obvius

158 987 234 1020 fieri
258 999 327 1021 non
351 989 506 1028 differat,
529 990 682 1023 mandat.
728 990 830 1028 Nam,
852 995 891 1023 ut
913 989 1073 1029 diximus,
1097 994 1222 1022 contra
1243 999 1363 1022 omnes
1386 989 1449 1022 sibi
1476 989 1712 1029 adversantes,
1735 990 1797 1023 illo
1825 991 1923 1034 quasi
1945 1002 2010 1034 pro

158 1040 309 1086 flagello,
332 1042 378 1075 ad
400 1043 601 1076 terrendum
625 1043 723 1083 alios,
746 1042 915 1076 utebatur.

52 1134 54 1138 Ι
249 1094 374 1128 Comes
396 1106 490 1134 vero,
514 1095 717 1130 militaribus
740 1102 776 1129 et
798 1097 954 1140 peditum
980 1096 1090 1139 copiis
1114 1096 1302 1138 apparatis,
1325 1096 1485 1129 invitanti
1509 1107 1546 1130 se
1570 1099 1688 1141 nepoti
1712 1098 1835 1131 obvius
1858 1099 1934 1132 fieri
1950 1110 2009 1132 ac-

55 1154 61 1192 j
96 1146 135 1180 1⁵
159 1147 300 1182 celerat.
347 1149 430 1188 Sed,
454 1155 641 1193 antequam
666 1150 709 1183 ab
731 1155 878 1194 utroque
900 1149 1065 1188 exercitu,
1093 1149 1194 1182 ducis
1223 1149 1387 1183 videlicet
1413 1150 1485 1184 sive
1516 1151 1663 1190 comitis,
1694 1151 1776 1184 illuc
1806 1158 2010 1195 perventum

55 1198 65 1202 ’
156 1207 218 1240 est,
243 1207 404 1241 castrum,
428 1203 523 1245 quod
545 1203 826 1247 oppugnabatur,
850 1203 931 1237 dum
954 1213 1019 1246 pro
1042 1212 1144 1246 posse
1166 1210 1350 1247 repugnat,
1366 1204 1654 1238 machinamentis
1678 1205 1857 1248 appositis,
1880 1205 2010 1239 viribus

157 1256 372 1295 exhaustum,
396 1257 550 1290 hostibus
574 1258 688 1291 cessit:
713 1257 949 1301 funditusque,
972 1262 1010 1290 ut
1033 1268 1054 1289 a
1076 1256 1280 1290 Boamundo
1302 1257 1509 1299 promissum
1536 1264 1623 1298 erat,
1638 1259 1787 1291 dirutum
1803 1259 1851 1292 fit.
1898 1258 2009 1292 Porro

155 1308 236 1348 dux,
260 1310 422 1343 comitem
446 1310 511 1342 sibi
534 1310 674 1343 obvium
698 1311 841 1350 habens,
863 1311 1068 1350 Rossanam,
1092 1321 1182 1354 quae
1204 1311 1403 1344 Cusentinis
1426 1312 1463 1343 in
1490 1311 1615 1345 fraude
1645 1312 1866 1353 assentiebat,
1898 1323 2008 1357 oppu-

155 1372 265 1407 gnans
287 1363 393 1406 capit,
417 1363 581 1397 incendio
606 1364 721 1397 omnia
743 1374 961 1408 percurrens.
1006 1363 1231 1397 Boamundus
1259 1365 1376 1408 itaque
1402 1383 1441 1388 -—-
1474 1376 1518 1398 ne
1550 1365 1733 1399 obsidione
1764 1366 1857 1398 infra
1888 1366 2007 1399 urbem

56 1406 57 1411 ’
89 1416 133 1448 20
156 1415 379 1449 clauderetur
402 1435 443 1440 -—
468 1417 641 1456 devitans,
673 1418 856 1461 Hugonem
888 1417 1131 1457 claromontis,
1162 1419 1222 1461 qui
1252 1418 1464 1452 Cusentinos
1491 1419 1527 1452 in
1558 1429 1616 1452 sua
1650 1419 1818 1453 fidelitate
1848 1419 2007 1458 retineat,

58 1462 61 1463 ⁷
154 1469 248 1513 apud
261 1467 460 1503 Cusentium
485 1470 697 1514 relinquens,
712 1471 870 1505 Roccam
885 1470 1040 1504 secessit.
1086 1471 1167 1504 Dux
1181 1482 1266 1504 vero
1283 1478 1317 1504 et
1334 1482 1463 1511 comes,
1479 1478 1640 1515 putantes
1663 1484 1740 1505 eum
1765 1473 1859 1516 apud
1875 1472 2007 1517 Majam

154 1521 356 1566 digressum,
378 1522 461 1556 illuc
484 1534 744 1566 praeoccupare
769 1524 935 1562 volentes,
959 1523 1141 1557 accedunt.
1160 1535 1163 1539 ’
1189 1523 1262 1558 Sed
1287 1535 1365 1558 cum
1390 1536 1461 1558 non
1483 1525 1532 1558 ibi
1556 1536 1630 1559 esse
1648 1526 1875 1569 comperiunt,
1892 1537 2009 1559 versus

154 1574 310 1609 Roccam
334 1582 574 1620 properantes,
599 1577 687 1616 loco,
712 1577 769 1621 qui
785 1577 876 1610 lucus
900 1577 1064 1621 Calupm'i
1091 1578 1228 1616 dicitur,
1261 1579 1411 1611 tentoria
1443 1579 1562 1623 figunt,
1593 1579 1651 1612 ubi
1674 1590 1738 1622 per
1760 1579 2008 1617 internuncios,

151 1639 241 1672 pace
264 1630 467 1673 quindecim
491 1631 625 1663 dierum
649 1630 693 1663 ab
716 1631 868 1675 utrisque
891 1631 1048 1674 partibus
1068 1631 1283 1674 interposita,
1308 1633 1402 1675 apud
1434 1631 1599 1667 Sanctam
1624 1634 1856 1676 Euphemiam
1881 1644 2010 1666 conve-

58 1680 69 1698 ³
87 1680 130 1714 25
153 1682 271 1717 niendi
293 1689 328 1716 et
350 1683 484 1727 plenius
504 1684 759 1717 reconciliandi
781 1685 964 1718 terminum
987 1690 1150 1718 statuunt.

56 1731 57 1734 ’
241 1736 315 1770 Sed
337 1737 478 1770 Mihera
500 1737 580 1771 huic
605 1738 751 1771 termino
774 1738 935 1773 assensit:
960 1747 1030 1771 non
1053 1744 1168 1772 autem
1192 1737 1427 1773 Boamundus.
1474 1741 1554 1783 Ipse
1577 1741 1682 1779 enim,
1699 1741 1919 1774 reconciliari
1935 1741 2007 1774 dif-

151 1789 280 1827 ferens,
303 1791 374 1834 jam
397 1791 587 1823 Tarentum
620 1792 835 1824 recesserat'.
881 1791 1034 1824 Instante
1065 1792 1182 1835 itaque
1215 1792 1274 1825 die
1305 1794 1474 1835 praefixo,
1507 1794 1645 1827 Mihera
1676 1795 1903 1831 conductum.
1933 1805 2001 1838 quo
2089 1804 2116 1825 l),
2135 1810 2159 1823 12

151 1853 274 1876 secure
295 1844 468 1877 accedere
493 1844 551 1876 vel
575 1844 743 1877 recedere
766 1845 880 1883 liceat,
905 1844 1045 1887 expetit.
1094 1844 1317 1879 Conceditur.
1365 1845 1536 1886 Accedit;
1570 1847 1777 1881 Boamundo
1801 1848 2007 1888 inconsulto,

59 1934 61 1939 ¹
152 1896 234 1930 duci
257 1897 514 1931 reconciliatur.
561 1897 657 1941 Maia
679 1898 828 1939 reddita,
853 1898 946 1938 duci,
969 1899 1026 1932 cui
1047 1900 1124 1944 jure
1148 1900 1382 1943 competebat,
1406 1901 1682 1945 reconsignatur.

60 1950 130 1984 30
244 1951 384 1984 Fratres
406 1951 535 1994 itaque,
559 1957 638 1994 post
660 1951 794 1984 biennii
819 1952 1075 1993 dissentionem,
1109 1953 1255 1987 consilio
1286 1959 1512 1998 utrorumque
1543 1956 1698 1989 fidelium
1727 1956 2005 1990 reconciliantur.

151 2003 184 2036 A
207 2004 306 2042 duce,
329 2010 366 2037 ut
389 2015 526 2047 semper
549 2005 623 2037 viro
645 2005 848 2048 largissimo,
873 2005 1076 2040 Boamundo
1099 2007 1298 2040 Cusentium
1326 2013 1361 2040 et
1384 2008 1480 2052 Maja
1512 2010 1728 2043 conceditur.
1776 2010 1848 2043 Sed
1872 2010 2005 2043 brevis-

151 2058 237 2091 simo
259 2058 456 2098 intervallo,
481 2059 563 2102 quia
586 2059 807 2092 Boamundus
830 2060 1029 2093 Cusentinis
1051 2060 1227 2104 juraverat
1251 2066 1402 2094 castrum
1426 2062 1472 2094 ibi
1497 2073 1534 2095 se
1558 2073 1628 2095 non
1652 2063 1838 2101 facturum,
1872 2070 1904 2096 et
1937 2065 2006 2096 dux

150 2111 242 2144 idem
264 2111 487 2150 Barensibus3
513 2112 650 2145 cambio
674 2113 762 2145 inter
784 2123 821 2146 se
844 2114 950 2152 facto,
974 2114 1045 2147 dux
1067 2113 1268 2147 Cusentium
1291 2114 1428 2158 recipit,
1453 2114 1578 2148 Rarum
1603 2117 1703 2149 fratri
1726 2123 1844 2150 mutua
1872 2118 2006 2151 vicissi-

67 2199 69 2203 ,
151 2165 270 2199 tudine
294 2166 471 2205 concedit,
494 2172 543 2206 ut,
566 2166 710 2200 foedere
734 2167 842 2205 salvo,
865 2167 1010 2211 quisque
1033 2167 1069 2200 in
1092 2178 1154 2201 suo
1175 2168 1250 2212 jure
1275 2168 1385 2202 libera
1409 2174 1581 2212 potestate
1607 2171 1701 2213 quod
1724 2171 1819 2203 volet
1848 2170 2006 2204 faciendi

65 2234 69 2239 -
85 2217 127 2251 35
150 2223 274 2252 utatur.
322 2218 451 2262 Sicque
475 2219 662 2252 amicitiam
685 2229 779 2252 suam
808 2219 952 2253 testibus
981 2227 1016 2254 et
1047 2221 1280 2266 chirographo
1313 2223 1570 2262 confirmantes,
1599 2224 1765 2266 deinceps
1797 2224 2001 2257 indivulsam

60 2270 61 2273 ’
150 2276 337 2306 tenuerunt
349 2271 373 2305 ².

238 2378 301 2412 XI.
326 2397 366 2403 -
389 2378 529 2413 Mihera
551 2384 661 2424 ergo',
687 2381 804 2414 comiti
826 2381 982 2426 Rogerio
1006 2388 1041 2416 et
1070 2382 1263 2426 Rodulpho
1285 2383 1459 2417 Loretelli
1482 2385 1547 2419 sibi
1571 2385 1825 2424 infestantibus,
1858 2387 1917 2419 diu
1948 2397 2002 2418 re·
2084 2398 2110 2421 B.
2127 2404 2174 2422 ην

104 2430 107 2432 ’
149 2431 262 2470 bellis,
285 2432 409 2466 videns
431 2433 589 2466 offensas
604 2444 683 2467 suas
699 2434 839 2467 modum
856 2436 1151 2470 reconciliationis
1167 2437 1369 2476 excessisse,
1384 2437 1532 2472 ulterius
1549 2439 1642 2472 ferre
1657 2449 1727 2472 non
1744 2440 1874 2478 valens,
1890 2439 2002 2480 Adae,

149 2484 221 2518 filio
243 2495 317 2523 suo,
339 2495 476 2519 omnem
505 2491 630 2519 terram
665 2497 761 2519 suam
798 2487 960 2531 assignat,
991 2494 1118 2530 putans
1148 2500 1225 2522 eum
1236 2489 1254 2529 ⁸,
1287 2489 1417 2523 auxilio
1450 2500 1494 2523 ex
1525 2497 1623 2534 parte
1655 2492 1772 2524 matris
1803 2498 1994 2535 parentum,
2084 2503 2107 2527 c,
2123 2509 2171 2527 a„

237 2623 262 2649 3.
282 2615 498 2642 Boamundus..
511 2637 516 2642 .
529 2635 535 2643 .
558 2618 694 2651 recipitur
714 2619 740 2643 P
758 2633 789 2638 -
811 2626 835 2650 4.
855 2619 1038 2652 Bayamundo
1056 2620 1082 2644 B
1099 2622 1149 2652 qui
1166 2628 1179 2643 e
1194 2620 1245 2653 gin}
1266 2634 1274 2638 -
1294 2623 1466 2653 pervasione
1487 2622 1585 2647 fratris
1607 2624 1669 2647 BD
1689 2638 1719 2642 —
1736 2631 1760 2656 5.
1774 2622 2004 2650 Consentinis?

150 2658 335 2691 §deumne
347 2672 380 2678 —
398 2665 437 2684 11.
451 2661 625 2686 avunculum
643 2661 705 2686 PC
722 2674 730 2679 -
751 2661 907 2687 Cusentum
927 2662 989 2686 PC
1004 2663 1055 2694 qut
1070 2662 1144 2694 agia
1157 2675 1191 2681 —-
1207 2662 1247 2687 18.
1266 2662 1438 2696 Rossanam]
1460 2665 1564 2689 Rosam
1585 2666 1680 2690 BCD
1700 2679 1731 2683 —
1748 2665 2000 2692 zo.Claramont1s

151 2700 179 2725 P
194 2713 226 2719 —
246 2707 288 2726 υ.
307 2701 457 2735 accedunt]
476 2705 629 2736 coeperunt
650 2704 676 2729 B
693 2717 725 2722 —
747 2710 789 2736 ²3·
810 2702 824 2717 ⁴¹
837 2703 1030 2738 Calumpnij„
1053 2705 1107 2730 B·
1127 2705 1248 2730 nunclos
1269 2705 1333 2730 BD
1352 2720 1383 2724 —
1404 2713 1447 2738 ²4·
1466 2707 1630 2740 quindecim
1650 2707 1772 2740 dierum]
1791 2708 1905 2740 quldem
1924 2709 1951 2733 P
1966 2722 1998 2728 —

63 2774 67 2775 ⁷
150 2741 192 2768 28.
211 2743 318 2777 secure]
338 2743 451 2770 foedere
469 2745 530 2771 PC
548 2759 580 2764 —-
601 2752 643 2778 30.
664 2746 811 2771 blennlum
832 2747 896 2771 BD
914 2760 946 2765 —
966 2753 1009 2779 33.
1030 2747 1103 2772 {dem
1122 2754 1151 2772 se
1169 2748 1196 2773 P
1214 2760 1246 2766 —
1266 2755 1309 2781 34.
1330 2748 1444 2774 foedere
1468 2757 1518 2774 om,
1542 2750 1604 2775 PC
1628 2763 1661 2768 -
1687 2757 1729 2783 35.
1755 2750 1858 2775 deinde
1882 2751 1946 2776 BD
1963 2765 1996 2770 —

102 2788 118 2816 5
148 2791 190 2818 37.
209 2784 260 2810 diu
282 2785 396 2811 rebellis
408 2794 457 2812 om.
471 2788 496 2812 B
506 2788 535 2812 D
552 2787 584 2813 In
597 2796 652 2812 una
671 2791 732 2814 nota
745 2787 783 2821 (n.
797 2787 843 2820 ³4)
856 2788 881 2813 11
894 2789 972 2814 Mun.
990 2790 1093 2822 νέμηαι
1105 2789 1141 2814 da
1155 2789 1227 2815 CAR.
1241 2793 1333 2822 questa
1344 2792 1479 2820 variante.
1491 2793 1535 2816 che
1547 2800 1598 2816 non
1611 2794 1683 2816 trovo
1695 2794 1725 2816 ιή
1738 2800 1849 2817 nassuno
1862 2794 1907 2818 dd
1916 2794 2001 2819 codici

68 2830 70 2836 '
136 2828 289 2859 napum.-
303 2827 448 2854 Lodocelll
463 2830 580 2855 ductore
599 2830 807 2864 superadditam
829 2832 945 2856 mittens
966 2833 1130 2857 incursione
1149 2845 1181 2851 —
1202 2831 1247 2865 38·
1238 2839 1292 2865 -39.
1312 2833 1393 2858 Adae
1411 2833 1471 2858 fluo
1491 2833 1554 2866 suo]
1576 2835 1607 2858 .1d
1629 2835 1719 2859 exilio
1739 2842 1789 2859 suo
1809 2843 1921 2860 omnem
1936 2837 1998 2862 BD

233 2923 240 2939 ¹
261 2925 399 2952 Rouwu..
420 2927 557 2959 Samum,
579 2930 607 2953 in
629 2930 668 2953 M.
695 2930 726 2954 G.
749 2930 784 2954 H.
805 2930 864 2958 SS..
885 2928 958 2958 mx,
977 2937 1038 2962 4¹1·
1094 2930 1142 2954 bre
1163 2937 1232 2963 1090
1252 2944 1283 2948 —
1304 2931 1332 2955 in
1358 2931 1449 2956 Codice
1468 2932 1645 2964 Diphmattco
1663 2933 1767 2964 Barm,
1791 2934 1822 2963 V,
1851 2941 1882 2965 29
1909 2949 1939 2952 -
1966 2935 1992 2959 ci
2026 2942 2056 2959 ιο

231 2964 243 2982 ¹
260 2965 369 2997 Queato
389 2969 512 2995 secondo
531 2971 654 2995 accordo
670 2971 698 2995 su
712 2971 845 2995 concluso
859 2971 913 2996 alla
926 2971 980 2996 fine
993 2971 1037 2996 del
1097 2974 1227 3004 pretenta
1241 2973 1412 2998 Boemondo
1433 2974 1546 3007 signore
1565 2974 1595 2999 di
1614 2975 1689 3000 Bari·
1726 2974 1764 3000 Su
1784 2976 1847 3009 Ugo
1861 2976 1891 3001 dl
1905 2976 1992 3002 Chia-

146 3007 226 3042 1089;
246 3009 282 3035 cs.
301 3009 339 3036 Di
355 3010 432 3042 Meo,
446 3011 518 3045 vm,
535 3019 594 3045 30²-
634 3013 677 3037 Un
692 3013 862 3038 documento
876 3013 920 3038 del
936 3013 1039 3040 dicem·
1098 3016 1229 3041 remonte
1248 3015 1446 3048 cf.Uoffl<-,r..11,
1468 3015 1526 3045 VII,
1548 3023 1591 3050 71,
1612 3025 1626 3042 c
1646 3017 1833 3050 Tnmcnmu,
1856 3018 1897 3050 76.
