2320 3424
121 357 228 395 caput
242 351 443 392 abscissum,
456 352 598 386 lanceae
614 364 862 397 superponens,
878 365 941 398 per
956 355 1106 388 medium
1122 361 1322 395 castrorum,
1338 366 1419 388 suae
1434 355 1547 399 gentis
1562 355 1648 388 nulli
1662 355 1806 388 verbum
1822 355 1968 393 faciens,

119 405 156 437 in
179 405 393 439 Britanniam
417 407 532 439 redire
557 407 742 440 accelerat.
787 408 913 442 Comes
937 419 1019 452 ergo
1043 409 1195 452 legatum
1218 409 1367 448 mittens,
1391 410 1548 452 quisnam
1571 409 1614 441 sit
1632 409 1840 451 perscrutari
1864 408 1968 451 jubet,

121 464 157 491 et
178 465 217 492 ut
239 460 286 492 ad
308 470 346 492 se
369 460 487 493 veniat
517 461 698 505 praecipit.
745 461 840 501 'Sed,
873 473 951 495 cum
981 463 1211 496 renuntiatum
1241 462 1378 496 'fuisset
1400 463 1494 495 hunc
1517 463 1710 500 Serlonem,
1734 462 1841 494 filium
1870 462 1966 494 Tan-

121 512 229 551 credi,
252 522 327 545 esse
351 519 387 546 et
410 524 430 546 a
453 514 644 554 Britannia,
667 526 771 548 causa
792 516 978 558 imperium
1001 527 1022 548 a
1044 517 1174 559 populo
1198 527 1258 549 suo
1283 516 1513 560 propellendi,
1537 517 1682 555 venisse,
1698 527 1734 549 se
1751 521 1864 549 autem
1880 517 1966 548 iram

119 565 297 608 principis,
322 567 405 610 quia
427 568 582 600 offensus
604 575 689 605 erat,
714 568 903 607 declinare,
927 575 962 602 et
984 570 1107 612 patria,
1131 571 1287 612 quamvis
1310 571 1542 612 penuriosum,
1565 569 1713 602 libenter
1737 571 1850 602 donec
1873 570 1969 613 prin-

119 618 206 662 cipis
228 619 280 652 ira
302 620 455 660 sedetur,
479 621 561 653 dum
587 622 663 665 ipse
692 622 839 666 jusserit,
871 623 1022 661 exulare,
1054 633 1182 662 comes,
1214 623 1344 666 pietate
1375 630 1497 662 motus,
1530 629 1565 655 et
1593 629 1689 656 tanto
1720 623 1795 655 viro
1826 623 1970 656 ulterius

121 681 240 705 carere
264 673 396 712 nolens,
420 675 466 708 ad
488 685 525 707 se
545 675 642 719 jubet
665 676 838 708 accersiri.
885 675 1050 708 Venienti
1074 676 1234 718 occurrit,
1258 676 1402 720 gratiam
1418 688 1513 708 suam
1529 676 1698 720 indulget,
1715 677 1832 710 osculo
1848 687 1968 709 secure

120 725 251 764 reddit3
276 737 365 770 quae
387 727 506 760 habita
528 728 691 762 amiserat
706 728 871 766 restituit;
888 729 999 769 uxori,
1017 729 1072 762 cui
1086 729 1203 772 plures
1218 730 1451 771 possessiones
1468 729 1722 772 competebant,
1737 735 1855 773 auget3
1878 730 1969 762 inter

119 777 184 811 sibi
206 779 449 814 familiariores
472 782 607 815 retinet.

78 565 95 597 Ul

117 930 213 964 haud
236 930 423 964 absurdum
448 938 500 965 est
510 932 533 964 ².
578 934 754 976 Tempore
778 934 906 977 quippe
929 934 1119 978 juventutis
1141 944 1234 972 suae,
1258 934 1462 967 militaribus
1486 935 1662 967 exercitiis
1678 936 1826 974 deditus,
1851 936 1968 968 diver-

117 993 230 1016 sarum
253 985 433 1028 regionum
456 992 492 1018 et
514 986 710 1029 principum
735 987 848 1019 curias
870 987 1094 1029 perlustrans,
1117 987 1223 1019 multa
1245 993 1396 1027 strenue,
1419 987 1531 1020 laudis
1553 989 1684 1027 avidus,
1715 989 1866 1032 agendo,
1889 999 1966 1020 cum

117 1036 194 1079 ipsa
216 1037 320 1070 laude
343 1039 446 1071 etiam
469 1038 619 1081 plurima
643 1040 794 1072 lucratus
816 1045 878 1072 est.
926 1039 1013 1072 Cum
1037 1045 1152 1072 autem
1177 1046 1267 1072 esset
1290 1039 1340 1072 'in
1363 1041 1496 1073 familia
1519 1042 1653 1074 comitis
1677 1042 1966 1082 Normannorum‚

116 1089 285 1124 Riccardi
300 1092 456 1131 secundi,
469 1111 510 1115 —
524 1098 666 1136 quartus
681 1104 702 1125 a
717 1093 836 1126 Rodio
853 1093 943 1126 duce
958 1093 1025 1125 suit
1037 1111 1078 1115 -—
1092 1093 1240 1135 quadam
1257 1093 1314 1126 die
1331 1094 1424 1127 idem
1441 1096 1614 1137 princeps,
1632 1101 1792 1128 venatum
1810 1106 1968 1139 pergens,

18 1142 24 1178 Ῐ
54 1142 92 1174 15
118 1161 159 1166 -
182 1144 243 1177 tali
266 1146 358 1177 enim
381 1145 562 1184 exercitio,
584 1153 621 1178 ut
644 1156 718 1179 mos
741 1152 793 1178 est
809 1146 982 1184 divitibus,
999 1156 1067 1178 non
1083 1147 1261 1178 minimum
1286 1147 1525 1180 delectabatur
1547 1167 1589 1171 ——
1607 1159 1727 1191 aprum
1743 1149 1850 1181 mirae
1868 1159 1968 1181 enor-

29 1195 34 1202 ”
115 1197 251 1236 mitatis,
275 1208 378 1241 quem
400 1198 551 1243 singlare
575 1199 704 1238 dicunt,
729 1199 844 1231 movit.
890 1198 974 1231 Erat
998 1206 1111 1232 autem
1135 1199 1199 1232 sibi
1222 1211 1306 1238 mos,
1329 1201 1418 1234 sicut
1441 1207 1476 1234 et
1500 1201 1654 1244 pluribus
1677 1203 1754 1235 aliis
1769 1202 1968 1244 potentibus

116 1257 178 1291 est,
201 1257 239 1284 ut
261 1251 490 1290 venationem,
513 1263 615 1296 quam
638 1253 723 1295 ipse,
747 1258 914 1294 moveret,
939 1252 1063 1292 nullus,
1079 1259 1221 1295 praeter
1234 1254 1357 1296 ipsum,
1374 1255 1538 1288 occidere
1554 1261 1800 1297 praesumeret.
1845 1254 1966 1293 Porro,

115 1304 259 1338 canibus
282 1315 403 1347 aprum
426 1306 580 1339 velocius
602 1305 876 1350 insequentibus,
902 1317 980 1338 cum
1005 1316 1122 1339 comes
1136 1317 1221 1349 prae
1238 1317 1350 1350 opaca
1367 1308 1538 1341 densitate
1556 1309 1683 1351 spinosi
1708 1309 1814 1343 saltus
1835 1309 1967 1342 tardius

116 1357 366 1402 insequeretur,
391 1359 534 1392 canibus
557 1359 802 1400 infestioribus,
827 1359 927 1403 'aper
949 1360 1074 1392 timens
1098 1371 1118 1392 a
1136 1361 1247 1394 cauda
1263 1361 1421 1400 lacerari,
1437 1373 1523 1404 rupe
1540 1364 1690 1406 quadam
1712 1364 1864 1401 inventa,
1887 1363 1964 1405 ipsa

25 1404 33 1412 ²
49 1411 93 1444 20
115 1421 180 1454 pro
202 1422 300 1445 muro
322 1423 343 1445 a
365 1412 478 1446 cauda
500 1413 606 1446 utitur
629 1419 664 1446 et
686 1414 868 1447 dentosum
892 1419 998 1456 caput
1020 1414 1066 1446 ad
1089 1424 1126 1447 se
1150 1415 1315 1447 tuendum
1339 1415 1482 1447 canibus
1506 1416 1622 1448 offert.
1670 1416 1808 1459 Sicque‚
1825 1417 1967 1450 canibus

114 1465 290 1498 venatoris
312 1465 439 1498 auxilio
462 1466 645 1505 destitutis,
668 1477 746 1499 cum
767 1468 838 1510 jam
854 1477 939 1509 aper
954 1466 1000 1499 de
1014 1467 1098 1509 ipsis
1113 1474 1292 1510 spumante
1307 1469 1412 1501 dente
1435 1469 1559 1501 multas
1575 1475 1706 1512 strages
1722 1470 1867 1509 faceret,
1884 1480 1967 1502 casu

115 1517 321 1552 Tancredus
345 1520 557 1562 supervenit,
579 1520 720 1564 visaque
745 1526 860 1564 strage
884 1520 1119 1559 molossorum,
1143 1521 1299 1564 quamvis
1329 1531 1459 1554 morem
1490 1522 1659 1565 principis
1685 1533 1754 1555 non
1777 1523 1965 1566 ignoraret,

115 1576 230 1604 tamen
253 1573 527 1606 succurrendum
551 1573 695 1606 canibus
718 1573 900 1606 accelerat.
947 1572 1043 1616 Aper
1066 1585 1161 1613 vero,
1184 1574 1260 1616 ipso
1283 1574 1368 1614 viso,
1393 1574 1536 1607 canibus
1558 1576 1692 1618 spretis,
1716 1577 1812 1608 firmo
1835 1577 1965 1618 impetu

115 1635 220 1668 super
250 1636 330 1659 eum
351 1626 461 1659 irruit.
508 1627 580 1660 Sed
602 1627 819 1665 Tancredus‚
843 1638 921 1661 cum
953 1633 1043 1660 esset
1073 1627 1173 1660 fortis
1204 1628 1345 1667 viribus,
1375 1629 1501 1661 audaci
1533 1639 1615 1662 ense
1638 1629 1732 1662 illum
1764 1630 1965 1673 suscipiens,

6 1677 35 1719 ‚',j
50 1678 93 1712 25
116 1689 186 1713 non
208 1679 348 1723 quidem
371 1680 442 1713 ictu
465 1681 638 1723 feriendo,
662 1682 724 1714 sed
750 1687 852 1715 acuto
875 1692 1039 1715 mucrone
1062 1692 1126 1724 per
1148 1681 1364 1714 durissimam
1388 1682 1537 1716 frontem
1560 1693 1669 1726 usque
1694 1683 1739 1716 ad
1762 1684 1968 1727 praecordia

6 1730 10 1734 ‘
114 1733 350 1778 impingendo,
374 1733 535 1777 capulum
558 1734 669 1767 fronti
692 1735 860 1780 adjunxit,
878 1735 984 1768 nihilo
1001 1746 1045 1768 ex
1059 1735 1261 1779 longissimo
1285 1746 1367 1768 ense
1383 1741 1522 1779 praeter
1538 1737 1698 1778 capulum
1722 1743 1818 1770 extra
1841 1747 1966 1780 corpus

116 1786 191 1830 apri
213 1793 423 1820 remanente.
469 1787 598 1831 Sicque
621 1787 773 1832 defecto,
797 1799 914 1821 ensem
936 1788 973 1820 in
995 1789 1111 1822 fronte
1134 1788 1344 1832 relinquens,
1367 1789 1452 1832 ipse,
1476 1800 1521 1822 ne
1545 1800 1566 1821 a
1588 1790 1714 1822 comite
1745 1790 1812 1823 hoc
1839 1790 1965 1823 fecisse

115 1839 449 1882 deprehenderetur,
473 1841 609 1885 longius
633 1842 769 1875 avulsus
791 1848 853 1875 est.

203 1893 330 1927 Comes
353 1904 448 1934 vero,
479 1895 660 1927 inveniens
690 1905 812 1937 aprum
842 1901 1024 1934 mortuum,
1047 1897 1199 1935 miratus,
1231 1902 1345 1929 utrum
1368 1897 1491 1930 vulnus
1522 1897 1664 1941 aliquod
1695 1898 1822 1931 habeat
1852 1898 1966 1931 socios

26 1966 42 1979 -»
49 1947 93 1980 30
115 1947 264 1980 lustrare
286 1946 401 1990 jubet;
426 1947 716 1991 deprehensoque
739 1957 820 1981 ense
844 1948 991 1980 adhuc'
982 1959 1018 1980 m
1041 1948 1157 1981 fronte
1180 1949 1259 1987 fixo,
1282 1949 1465 1992 impulsum
1488 1950 1648 1988 miratur3
1678 1950 1775 1982 cuius
1799 1950 1888 1982 ensis
1912 1950 1964 1988 sit,

115 2000 274 2045 requirit;
300 2011 344 2033 ue
368 2012 404 2034 se
428 2001 531 2033 huius
554 2002 639 2034 facti
663 2007 763 2034 actor
793 2002 894 2043 celet,
927 2002 977 2034 ita
1007 2002 1235 2035 condonatur.
1281 2003 1340 2042 At,
1371 2013 1449 2036 cum
1481 2014 1501 2035 a
1523 2003 1711 2036 Tancredo
1742 2005 1873 2036 factum
1905 2004 1965 2036 de·-

114 2053 347 2098 praehensum
368 2054 501 2092 fuisset,
525 2065 546 2087 a
569 2056 697 2088 comite
721 2062 757 2088 et
779 2055 925 2088 caeteris
947 2055 1107 2089 omnibus
1130 2056 1278 2098 plurima
1300 2057 1406 2090 laude
1430 2057 1622 2090 extollitur:
1647 2063 1693 2094 et,
1717 2067 1794 2089 cum
1810 2063 1912 2090 antea
1928 2057 1965 2089 in

116 2107 232 2150 pretio
255 2107 373 2146 fuerit,
396 2108 518 2152 majori
541 2107 710 2150 deinceps
731 2108 870 2142 habitus
892 2114 953 2142 est.
1000 2109 1136 2142 Denum
1158 2109 1194 2141 in
1223 2109 1319 2142 curia
1349 2109 1496 2149 comitis,
1527 2110 1649 2143 decem
1681 2110 1804 2143 milites
1835 2110 1898 2143 sub
1928 2121 1965 2143 se

23 2192 26 2203 ,V
116 2160 259 2201 habens,
281 2160 429 2194 servivit.
476 2161 580 2194 Nunc
603 2172 701 2200 vero,
725 2162 783 2206 qui
806 2172 875 2194 non
898 2162 1038 2205 quidem
1069 2162 1194 2202 omnia,
1226 2174 1315 2206 quae
1346 2164 1572 2197 memoranda
1602 2164 1731 2203 forent,
1760 2163 1823 2196 sed
1853 2173 1965 2205 pauca

50 2212 92 2247 35
117 2224 205 2258 quae
229 2214 324 2246 fama
347 2214 540 2253 didicimus,
564 2214 608 2247 ab
631 2214 713 2258 ipsis
736 2215 903 2248 fratribus
925 2216 961 2248 in
984 2215 1122 2259 Apulia,
1139 2216 1196 2249 vel
1213 2216 1309 2249 circa
1324 2216 1519 2250 Calabriam
1537 2217 1641 2255 facta,
1659 2218 1814 2260 quamvis
1835 2217 1963 2250 rustico

116 2266 195 2300 stilo
217 2266 443 2306 exaravimus,
466 2267 512 2300 ad
534 2278 577 2300 ea
599 2278 688 2312 quae
713 2268 806 2311 apud
828 2268 1046 2302 incredulam
1077 2268 1234 2302 Siciliam
1265 2276 1364 2313 gesta
1393 2275 1483 2309 sunt,
1517 2270 1709 2312 qualiterve
1741 2270 1800 2303 diu
1825 2269 1965 2302 rebellis

115 2320 297 2365 subjugata
320 2320 374 2360 sit,
396 2321 625 2354 intentionem
647 2326 830 2360 vertamus,
854 2321 902 2354 ita
932 2321 1060 2355 'tamen
1090 2328 1138 2362 ut,
1171 2333 1249 2355 cum
1281 2323 1519 2366 opportunitas
1550 2324 1747 2366 expetierit,
1779 2323 1839 2356 illa
1868 2334 1956 2367 quae

115 2379 238 2418 postea
259 2373 295 2407 in
319 2373 460 2417 Apulia,
482 2374 540 2407 vel
562 2374 687 2414 Roma,
711 2374 785 2408 sive
809 2375 960 2408 Graecia
982 2376 1077 2408 facta
1100 2380 1190 2414 sunt,
1212 2386 1274 2409 suo
1298 2376 1377 2410 loco
1400 2376 1574 2410 oblivione
1597 2386 1666 2409 non
1690 2383 1963 2420 praetereantur.

847 2471 961 2506 Pium
983 2473 1092 2506 eru
1116 2472 1230 2507 Fnus.

209 2591 230 2609 1.
250 2592 413 2619 supponens
431 2585 457 2610 Ρ
472 2598 504 2604 -
526 2591 551 2611 2.
569 2583 647 2619 ergo]
666 2588 762 2611 tamen
781 2586 844 2611 BD
862 2599 895 2604 —
915 2594 939 2619 3.
960 2586 994 2610 ad
1014 2593 1042 2611 se
1061 2586 1159 2611 venire
1179 2587 1206 2611 B
1223 2600 1231 2605 -
1250 2587 1339 2613 fuisse
1359 2587 1421 2612 BD
1439 2599 1472 2604 -
1492 2595 1518 2619 4.
1538 2587 1651 2620 imperii
1665 2587 1692 2611 P
1709 2601 1740 2604 —
1757 2593 1780 2619 5.
1794 2586 1922 2612 infensus
1940 2587 1965 2611 Ρ

118 2639 128 2645 ·
147 2627 287 2661 pritxclpis
305 2634 353 2653 oua.
374 2627 437 2652 BD
455 2640 487 2645 -
508 2633 532 2660 7.
552 2628 692 2661 indulget,
711 2628 810 2653 osculo
829 2635 878 2654 om.
898 2629 963 2654 BD
982 2641 1015 2646 —
1035 2627 1059 2653 8.
1079 2628 1243 2661 plerumque
1263 2630 1290 2654 B
1314 2643 1346 2647 —
1371 2637 1395 2662 9.
1423 2629 1610 2654 formuiantes
1637 2630 1678 2659 B;
1705 2629 1861 2653 familiares
1882 2630 1910 2654 D
1928 2642 1961 2648 —-

123 2676 162 2695 11.
182 2676 232 2695 nee
257 2670 285 2695 P
308 2684 339 2688 -
369 2676 452 2695 1142.
477 2671 505 2695 et
523 2671 698 2696 diversarum
715 2671 745 2697 P
762 2685 794 2690 —
816 2678 857 2704 ¹3·
876 2672 904 2696 et
923 2671 1047 2703 plurima
1066 2670 1124 2696 ΡΑ
1142 2684 1151 2690 -
1171 2678 1233 2696 cum
1253 2674 1345 2697 autem
1365 2673 1438 2697 esset
1456 2680 1507 2698 om.
1528 2673 1552 2697 C
1570 2685 1602 2689 —
1626 2679 1666 2703 ¹4·
1686 2673 1733 2704 qul
1760 2673 1876 2703 quartus
1902 2673 1929 2697 Ρ
1950 2684 1962 2690 -

32 2743 35 2745 q
118 2711 226 2737 Rhouo
245 2713 316 2738 Ρ-
338 2711 379 2737 16.
398 2712 566 2745 singlerium
584 2712 647 2737 BD
666 2725 674 2730 -
695 2713 787 2737 movit
805 2720 854 2737 om.
874 2713 937 2738 BD
950 2726 983 2731 —
999 2719 1040 2746 17.
1053 2720 1135 2745 quam
1155 2713 1216 2746 lpse
1228 2714 1263 2738 da
1281 2717 1330 2745 qut
1346 2722 1401 2739 una
1420 2721 1504 2738 nuova
1522 2714 1618 2738 lacuna
1630 2714 1659 2737 in
1673 2714 1697 2737 Α
1712 2727 1743 2730 ——
1761 2712 1800 2738 18.
1818 2712 1896 2746 prae]
1910 2722 1960 2746 pro

0 2778 4 2786 ,
42 2767 43 2771 =
75 2759 89 2787 5
121 2754 216 2780 BCD
235 2767 244 2773 ·
262 2755 387 2788 spinosis
406 2754 527 2780 saltibus
544 2755 573 2780 Ρ
589 2767 622 2773 -—
645 2761 685 2788 ¹9.
704 2761 721 2780 a
739 2755 793 2779 fine
807 2755 834 2779 Ρ
851 2768 884 2773 --
904 2762 946 2781 20.
965 2754 1012 2780 Sic
1031 2755 1058 2781 D
1076 2769 1109 2774 —
1129 2763 1171 2781 21.
1190 2754 1353 2790 destlnatis]
1374 2757 1521 2781 destitutis
1539 2757 1636 2781 PBC
1655 2770 1684 2773 —
1707 2762 1747 2780 22.
1762 2755 1962 2790 molossorum]

29 2789 33 2795 ¹
119 2803 219 2822 canum
240 2797 302 2821 BD
321 2809 329 2815 ·
348 2797 481 2829 princeps
500 2804 605 2821 morem
626 2803 685 2821 non
704 2797 732 2822 P
749 2810 781 2814 —
801 2803 843 2830 23.
856 2798 924 2822 tunc
939 2798 966 2823 Β
977 2811 1010 2816 -
1025 2804 1068 2830 ²4-
1081 2798 1181 2823 audaci
1196 2796 1273 2832 ense]
1287 2799 1486 2830 audaciterque
1498 2799 1526 2822 D
1540 2812 1570 2815 —-
1586 2804 1675 2830 24-25.
1688 2797 1772 2822 illum
1783 2815 1789 2823 .
1801 2817 1807 2823 .
1819 2817 1824 2822 .
1836 2815 1843 2823 .
1858 2799 1917 2823 letu
1935 2800 1963 2823 Ρ

120 2851 151 2857 —
172 2845 215 2872 27·
233 2838 343 2872 liquens
363 2839 424 2864 PC
441 2852 473 2856 —
494 2845 537 2871 29.
557 2840 672 2864 veniens
692 2839 719 2864 Ρ
736 2852 744 2857 -
765 2840 841 2864 ratus
860 2840 888 2864 Ρ
906 2853 936 2857 -
957 2847 1000 2874 30.
1019 2839 1111 2865 defixo
1130 2842 1158 2866 Ρ
1175 2855 1207 2860 -
1227 2848 1269 2873 31.
1289 2842 1443 2873 requiritur
1464 2841 1526 2865 BD
1546 2853 1553 2858 -
1568 2840 1613 2864 vel
1627 2847 1655 2864 se
1673 2841 1738 2865 ί·-
1753 2846 1794 2872 3²·
1808 2843 1961 2873 exagnitur

119 2879 182 2906 BD
200 2894 232 2899 -
252 2887 294 2915 33.
314 2882 404 2915 major
424 2881 486 2906 BD
504 2893 514 2899 -
534 2879 656 2915 Denum]
675 2881 711 2906 Et
730 2881 835 2906 dudum
855 2883 952 2915 postea
971 2882 1166 2911 PC;·denum
1188 2884 1214 2908 B
1231 2896 1263 2902 -—
1284 2887 1326 2915 35.
1346 2883 1482 2916 Apuliam
1503 2882 1566 2906 BD
1584 2895 1592 2900 -
1614 2882 1657 2907 vel
1684 2884 1757 2907 certe
1781 2882 1916 2908 Calabria
1935 2884 1962 2908 Ρ

120 2935 154 2942 -
172 2922 216 2956 36.
234 2922 357 2956 qualiter
377 2930 411 2948 ne
429 2923 454 2947 Ρ
470 2936 501 2942 -
522 2929 564 2955 37.
583 2923 734 2956 expetierit
753 2923 779 2947 Ρ
792 2937 825 2942 --
846 2922 888 2956 38.
907 2931 958 2949 suo
979 2926 1008 2949 in
1029 2925 1085 2950 PC
1101 2938 1111 2943 -
1129 2927 1323 2958 praetereunte
1344 2926 1370 2950 B
1389 2939 1420 2942 —
1441 2932 1484 2958 39.
1503 2924 1631 2957 Explicit
1652 2925 1735 2949 Liber
1748 2925 1859 2949 PrImus
1872 2925 1923 2950 cosi
1936 2927 1964 2953 P

30 2992 93 3039 Ῑῖιο
209 3009 215 3026 ¹
232 3011 312 3036 Delie
328 3009 404 3037 virtu
418 3011 593 3037 domestiche
606 3011 635 3036 di
649 3012 788 3037 Tancredl
803 3012 826 3037 ii
840 3012 877 3037 M.
891 3013 927 3037 ha
942 3013 1015 3038 fatto
1072 3020 1163 3038 cenno
1184 3014 1228 3038 nel
1249 3022 1309 3046 cup.
1328 3013 1365 3038 IV
1386 3014 1414 3037 di
1435 3014 1533 3045 questo
1554 3013 1649 3037 Libro.

26 875 96 927 '0¹⁰
207 877 283 910 XL.
307 896 350 901 -—
374 878 427 911 De
450 879 639 913 Tancredo
675 890 768 918 vero,
796 886 968 913 tantorum
999 880 1146 912 filiorum
1176 886 1284 923 patre,
1316 881 1447 923 aliquid
1476 881 1644 914 memoria
1675 881 1818 924 dignum
1850 882 1976 914 dicere⁴

2046 1052 2069 1076 C,
2086 1057 2132 1072 ιον

2034 2334 2065 2357 D,
2081 2334 2127 2358 98¹⁴
