2314 3418
418 226 486 262 108
991 225 1263 261 GAUFREDI
1291 226 1668 262 MALATERRAE
2083 233 2136 266 [A.
2157 235 2248 268 1099]

499 349 674 382 Uaramus
697 348 900 391 Episcopus,
923 358 1040 379 servus
1061 358 1235 380 servorum
1262 348 1339 389 Dei,
1370 349 1545 381 carissimo
1557 349 1646 392 silio
1668 351 1838 394 Rogerio,
1869 352 1984 383 comiti
2012 351 2191 384 Calabriae
2216 355 2249 382 et

410 402 560 439 Siciliae,
582 401 721 433 salutem
746 405 779 432 et
801 400 1020 443 apostolicam
1043 400 1311 432 benedictionem.
1337 419 1372 424 —
1401 400 1496 442 ..Quia
1520 405 1671 445 propter
1700 404 1918 446 prudentiam
1941 409 2044 444 tuam,
2070 403 2248 447 Supernae

412 455 602 498 Majestatis
626 454 785 496 dignatio
807 458 839 484 te
862 454 974 485 multis
997 454 1181 496 triumphis
1204 459 1237 486 et
1263 454 1441 486 honoribus
1463 455 1635 496 exaltavit,
1659 460 1693 487 et
1706 457 1860 499 probitas
1876 461 1934 489 tua
1949 458 1985 489 in
2000 457 2247 490 Saracenorum

401 507 538 551 fi‘nibus
562 507 751 539 Ecclesiam
774 506 846 538 Dei
864 505 1052 549 plurimum
1076 507 1244 548 dilatavit,
1261 511 1461 550 sanctaeque
1475 506 1558 539 Sedi
1571 507 1786 551 Apostolicae
1800 510 1952 542 devotam
1967 521 2002 542 se
2015 510 2128 542 multis
2143 509 2248 541 modis

406 563 544 603 semper
567 559 728 599 exhibuit,
753 569 810 590 nos
834 559 870 590 in
892 560 1071 602 specialem
1094 564 1194 603 atque
1217 560 1427 592 carissimum
1442 560 1566 604 silium
1590 561 1734 593 eiusdem
1759 562 1959 595 universalis
1980 563 2103 595 matris
2130 563 2246 596 Eccle-

408 614 478 645 siae
501 613 747 655 assumpsimus,
772 613 899 644 idcirco
923 613 964 644 de
987 617 1065 645 tuae
1091 614 1274 656 probitatis
1288 613 1486 646 sinceritate
1500 614 1687 657 plurimum
1703 614 1920 655 confidentes,
1935 616 2021 648 sicut
2035 616 2143 648 verbis
2164 619 2247 659 pro-

410 667 559 698 misimus
574 665 594 708 ¹,
619 667 814 698 litterarum
838 667 887 698 ita
909 666 1113 699 auctoritate
1127 667 1334 710 firmamus:
1366 667 1456 710 quod
1483 668 1577 699 omni
1599 668 1689 699 vitae
1712 671 1789 700 tuae
1818 671 1979 712 tempore,
2009 669 2065 701 vel
2083 668 2167 713 filii
2195 669 2248 700 tui

410 719 565 760 Simonis,
589 724 648 751 aut
671 719 822 761 alterius,
846 721 908 762 qui
926 720 1102 762 legitimus
1132 721 1185 752 tui
1212 721 1332 752 haeres
1355 721 1520 762 extiterit,
1552 721 1679 753 nullum
1709 721 1744 752 in
1775 725 1871 753 terra
1900 722 2075 762 potestatis
2103 727 2247 764 vestrae,

409 777 551 816 praeter
573 773 776 805 voluntatem
799 777 859 805 aut
880 773 1052 805 consilium
1076 778 1233 815 vestrum,
1258 775 1412 816 legatum
1434 774 1611 807 Romame
1633 773 1809 806 Ecclesiae
1829 778 2011 806 statuemus
2018 787 2030 817 ;
2054 775 2246 818 quinimmo,

409 838 494 870 quae
516 830 583 870 per
604 826 760 869 legatum
784 827 898 859 acturi
917 837 1037 868 sumus,
1060 830 1126 870 per
1148 832 1297 859 vestram
1320 828 1524 859 industriam
1547 828 1663 870 legati
1682 827 1755 860 vice
1777 827 1927 860 cohiberi
1939 828 2099 866 volumus,
2114 829 2248 872 quando

408 881 455 912 ad
475 890 533 911 vos
555 891 599 911 ex
621 880 727 912 latere
750 883 863 912 nostro
885 881 1084 922 miserimus,
1107 880 1155 911 ad
1173 881 1315 912 salutem
1338 881 1494 913 videlicet
1515 880 1759 922 Ecclesiarum,
1784 891 1868 923 quae
1889 880 1947 912 sub
1961 885 2072 913 vestra
2086 884 2251 925 potestate

409 934 563 975 existant,
586 933 635 965 ad
654 933 812 965 honorem
835 934 925 965 beati
944 934 1056 975 Petri,
1079 938 1279 977 sanctaeque
1301 934 1372 966 eius
1395 933 1494 966 Sedis
1516 932 1742 977 Apostolicae,
1766 935 1823 966 cui
1842 935 1976 966 devote'
2000 933 2156 966 hactenus
2176 933 2250 967 obe·

409 988 499 1030 disti,
523 997 688 1030 quamque
710 987 745 1018 in
769 987 1081 1030 opportunitatibus
1102 987 1170 1019 suis
1199 992 1335 1020 strenue
1363 998 1403 1019 ac
1429 987 1596 1031 fideliter
1630 986 1803 1030 adjuvisti.
1848 986 1890 1019 Si
1920 998 2000 1020 vero
2030 987 2250 1020 celebrabitur

409 1040 593 1083 concilium,
618 1041 682 1073 tibi
701 1041 906 1072 mandavero
929 1045 1092 1084 quatenus
1115 1041 1288 1084 episcopos
1310 1045 1344 1072 et
1365 1041 1497 1073 abbates
1519 1045 1596 1072 tuae
1618 1045 1734 1073 terrae
1757 1040 1842 1073 milei
1862 1041 2008 1079 mittans,
2031 1044 2111 1083 quot
2123 1044 2157 1073 et
2169 1050 2250 1084 quos

408 1094 563 1136 volueris,
587 1094 673 1126 alios
695 1094 744 1125 ad
762 1094 938 1126 servitium
961 1094 1177 1126 ecclesiarum
1200 1098 1234 1126 et
1255 1095 1393 1127 tutelam
1415 1094 1572 1127 retineas.
1621 1093 1844 1137 Omnipotens
1864 1094 2030 1127 Dominus
2058 1098 2151 1126 actus
2177 1097 2250 1126 tuos

406 1148 442 1179 in
464 1147 675 1191 beneplacita
696 1158 755 1179 suo
778 1147 928 1190 dirigat,
953 1151 987 1179 et
1008 1152 1050 1188 te,
1074 1158 1095 1179 a
1114 1148 1267 1191 peccatis
1288 1148 1481 1186 absolutum,
1505 1148 1554 1179 ad
1574 1147 1679 1179 vitam
1703 1152 1877 1180 aeternam
1899 1147 2078 1190 perducat.
2102 1164 2144 1170 —
2174 1147 2248 1180 Da·-

410 1205 480 1233 tum
503 1199 642 1233 Salerni
658 1204 727 1244 per
749 1211 884 1233 manum
910 1199 1092 1243 Johannis,
1108 1206 1245 1234 sanctae
1260 1201 1437 1233 Romanae
1452 1202 1627 1233 Ecclesiae
1641 1201 1792 1234 Diacom'
1807 1201 2013 1242 Cardinalis,
2029 1201 2132 1233 tertio
2146 1210 2250 1233 nonas

411 1252 516 1295 Julii,
541 1254 722 1286 indictione
744 1254 900 1297 septima,
924 1264 1010 1285 anno
1033 1253 1256 1295 Pontificatus
1277 1255 1386 1286 nostri
1405 1254 1587 1286 undecimo.

498 1400 523 1418 2.
542 1395 660 1426 propter
678 1402 727 1418 om.
745 1395 773 1419 P
789 1407 824 1411 —
843 1402 868 1427 3.
886 1394 1052 1426 dignatione
1070 1395 1096 1418 P
1110 1407 1121 1414 -
1140 1396 1168 1419 te
1186 1402 1233 1419 om.
1253 1395 1281 1419 P
1299 1408 1306 1412 -
1325 1395 1432 1419 secondo
1453 1396 1480 1418 et
1499 1402 1547 1418 om.
1569 1396 1595 1419 B
1618 1407 1646 1411 -
1667 1401 1691 1424 5.
1712 1393 1811 1418 matris
1830 1401 1878 1418 om.
1891 1394 1962 1418 Ρ-
1977 1400 2001 1426 7.
2021 1394 2061 1418 ita
2079 1394 2165 1418 etiam
2185 1393 2248 1418 sste-

408 1443 503 1460 rarum
515 1437 689 1461 auctoritate
701 1437 728 1461 P
738 1449 746 1454 ·
758 1438 810 1461 tuo
822 1437 850 1461 B
862 1449 897 1454 —
909 1436 934 1461 8.
947 1437 1051 1461 terram
1065 1437 1091 1460 B
1102 1450 1133 1454 —
1149 1443 1217 1469 9-10.
1232 1437 1391 1468 quinimmo
1404 1434 1486 1469 quae]
1500 1436 1569 1468 quin
1582 1444 1647 1468 ymo
1661 1443 1710 1468 per
1724 1436 1847 1468 legatum
1861 1442 1930 1467 quae
1943 1436 1971 1460 B
1982 1436 2007 1460 1)
2020 1448 2054 1453 —
2069 1442 2110 1460 xo.
2123 1435 2250 1460 cohiberi

408 1478 538 1503 exhiberi
558 1479 586 1503 P
602 1491 635 1496 —
656 1485 698 1503 n.
717 1479 881 1503 miseremus
900 1479 927 1503 B
943 1492 977 1496 -
1000 1485 1039 1503 12.
1059 1479 1217 1503 consistant
1236 1480 1263 1503 B
1284 1492 1315 1496 —
1344 1486 1382 1510 ¹3.
1409 1476 1558 1511 quamque]
1584 1485 1709 1510 quaeque
1729 1479 1755 1502 B
1777 1491 1810 1496 —
1838 1484 1878 1510 ις.
1898 1478 2027 1502 volueris
2042 1478 2144 1503 mittas
2162 1477 2191 1503 P
2213 1490 2246 1495 -·

412 1520 451 1546 16.
469 1520 651 1553 beneplacito
670 1521 698 1545 P
714 1534 722 1538 -
741 1518 787 1554 ad]
807 1521 838 1545 in
858 1521 885 1545 B
903 1534 935 1539 -—
957 1519 1043 1553 16-17.
1062 1521 1127 1545 data
1152 1522 1179 1546 B
1198 1534 1230 1538 —
1253 1526 1293 1552 17.
1314 1519 1439 1554 manum]
1465 1528 1564 1545 manus
1584 1522 1650 1545 BD
1668 1533 1680 1538 -
1698 1520 1817 1545 Sanctae
1835 1519 1982 1545 Romanae
2004 1527 2054 1545 om.
2074 1519 2101 1543 B
2120 1533 2130 1538 -
2148 1518 2250 1545 Cardi-

411 1563 485 1588 nali,
503 1571 553 1588 om.
574 1563 636 1588 BD
655 1575 687 1580 -
710 1562 749 1588 18.
768 1563 927 1588 indicionis
947 1564 1081 1596 septimae
1101 1564 1127 1588 B
1146 1577 1155 1581 -
1175 1563 1363 1589 Pontificatus
1381 1563 1500 1587 Domini
1521 1562 1630 1587 Urbani
1649 1562 1773 1587 Secundi
1791 1562 1831 1587 XI
1847 1562 1899 1587 cosi
1918 1563 1946 1587 P
1963 1562 2009 1586 che
2032 1562 2067 1586 dd
2090 1563 2121 1587 in
2143 1562 2251 1587 numeri

406 1607 512 1631 romani
525 1606 571 1638 gli
586 1606 655 1630 anni
670 1606 701 1630 in
720 1606 746 1630 B
761 1607 896 1631 trascritti
907 1609 959 1638 per
975 1608 1053 1630 esteso
1072 1619 1104 1624 -—
1127 1613 1166 1639 19.
1184 1606 1211 1630 P
1224 1607 1359 1638 agg-iunge
1376 1606 1505 1638 Explicit
1523 1613 1594 1638 opus
1613 1605 1752 1630 Gaufredi
1765 1605 1940 1630 Malaterrae.
1971 1604 2004 1629 In
2015 1604 2174 1637 Bagam,
2186 1604 2250 1637 dopo

408 1657 446 1672 un
464 1649 538 1673 breve
556 1649 652 1680 spatio,
667 1648 713 1680 gh·
729 1648 857 1673 Annales
875 1648 974 1679 Siculi,
992 1648 1060 1672 edin·
1076 1648 1144 1673 nelle
1157 1649 1258 1680 pagine
1275 1649 1398 1680 seguenti

404 1758 458 1783 gar
476 1758 550 1775 nome
568 1751 599 1774 eu
616 1751 700 1783 Regia
720 1751 885 1775 Monarchia.
922 1751 1037 1775 Secunda
1055 1752 1120 1775 edin.
1135 1754 1263 1782 percura
1276 1752 1306 1774 di
1356 1751 1433 1774 sioni
1453 1759 1467 1774 e
1488 1751 1507 1774 il
1528 1751 1615 1775 titolo
1636 1751 1663 1774 di
1686 1751 1792 1783 Legato
1813 1748 1955 1782 (ἐξουσίαν
1973 1747 2049 1776 {new
2068 1757 2101 1783 με
2113 1748 2252 1782 metitus!
2275 1756 2277 1758 ’

408 1792 443 1818 G.
462 1794 501 1819 M.
522 1794 613 1824 Mum,
631 1795 694 1824 etc.,
712 1792 851 1824 Pnlermo,
872 1792 947 1826 1869,
969 1801 992 1824 p.
1014 1792 1081 1826 ²383
1099 1793 1147 1819 Du
1166 1793 1231 1822 Pm,
1252 1794 1304 1817 De·
1357 1792 1512 1819 ἁνιωτάτου
1531 1791 1609 1819 minu
1628 1791 1741 1826 Ῥώμης
1759 1791 1830 1826 ἐμοῦ
1847 1794 1898 1818 τοῦ
1917 1791 2036 1825 λεγάτου
2054 1790 2190 1826 ἀξιώματι
2204 1794 2250 1818 nel

348 1843 381 1860 10
399 1834 479 1866 sense
497 1837 529 1860 de
547 1836 574 1860 la
592 1835 747 1860 Monarclate
765 1837 797 1860 de
814 1836 895 1860 Sica«
913 1839 1001 1861 contre
1019 1836 1056 1860 tes
1072 1836 1306 1867 entreprise,1ieta
1355 1837 1495 1865 contestu,
1515 1844 1529 1859 e
1549 1835 1625 1860 nella
1650 1837 1882 1860 sottoserizione=
1907 1833 2072 1867 Ῥουκὲριος
2095 1833 2182 1868 κόμες
2204 1833 2253 1861 καὶ

349 2049 378 2076 ¹5

410 1878 484 1903 Cour
501 1878 533 1902 de
551 1878 642 1906 Rome,
661 1877 687 1902 S.
706 1878 742 1908 11,
755 1885 782 1911 p.
799 1886 810 1903 1
819 1887 826 1908 ;
839 1878 956 1908 SAR-ns,
969 1878 1021 1902 Die
1033 1878 1190 1902 Monarclu'a
1203 1878 1303 1903 Sicula.
1356 1876 1473 1910 λεγάτος
1492 1876 1657 1910 Καλαβρίας
1674 1876 1722 1903 καί
1740 1876 1878 1909 Σικελίας,
1897 1875 1914 1903 ὁ
1933 1878 1988 1904 τῶν
2006 1877 2171 1910 χριστιανῶν
2184 1875 2251 1910 βοη-

407 1920 479 1945 Eine
497 1920 784 1945 historiale-canoniae
807 1920 1049 1952 Untersuckungen,
1067 1920 1212 1952 Freiburg,
1230 1919 1305 1953 1869,
1355 1918 1426 1952 θός),
1445 1920 1496 1944 che
1516 1920 1537 1944 11
1557 1922 1641 1944 conte
1654 1919 1800 1953 Ruggiero
1814 1927 1929 1944 assunse
1942 1919 2061 1951 qualche
2072 1926 2146 1944 meae
2159 1920 2248 1952 prima

407 1970 435 1995 p.
454 1962 523 1994 2463
544 1961 693 1993 Scnmrro,
713 1963 788 1988 Stato
805 1971 818 1987 e
847 1963 940 1987 Clatesa
964 1963 1031 1987 neue
1056 1964 1118 1988 Due
1142 1963 1234 1987 Sicilie
1259 1963 1307 1987 dai
1356 1962 1545 1987 dell'ufficiale
1565 1962 1799 1994 promulgazione
1819 1962 1895 1986 della
1912 1962 2000 1986 bolla.
2037 1961 2084 1987 Cf.
2102 1962 2125 1986 il
2138 1961 2200 1986 doc.
2214 1969 2252 1986 re-

406 2005 563 2029 Normannr
579 2006 609 2028 ai
626 2006 710 2030 nostri
722 2006 826 2038 giomi,
844 2005 983 2036 Palermo,
1005 2004 1081 2037 1887,
1101 2013 1127 2037 p.
1150 2012 1206 2038 ¹79·
1357 2005 1438 2029 datto
1457 2012 1473 2028 a
1493 2004 1588 2029 Maida
1608 2003 1646 2028 1⁹8
1660 2004 1775 2036 maggio
1792 2003 1867 2037 1098,
1881 2002 1928 2035 gi&
1941 2005 1999 2032 cit„
2012 2004 2042 2028 in
2055 2010 2121 2036 app.
2135 2003 2251 2029 allibro

497 2045 503 2061 ¹
526 2046 596 2072 Tale
615 2048 893 2090 promessa'verbale
911 2047 1155 2080 giustificherebbe
1175 2048 1200 2072 le
1226 2054 1304 2072 man·
1357 2047 1402 2072 del
1423 2047 1549 2077 Cnsmn,
1568 2047 1656 2079 Roget·
1674 2047 1709 2071 II
1722 2049 1779 2075 cit„
1799 2054 1825 2080 p.
1845 2046 1906 2079 632.

2275 1078 2314 1144 ιεις

2307 1879 2314 1954 ΑΜ..

2307 2120 2314 2184 am...
2310 2097 2314 2108 -
2307 1983 2314 2087 „aff-⁵4³,
