2314 3418
696 959 1036 996 ANNALES
1078 959 1325 996 SICULI.

348 1202 415 1226 osr
436 1193 524 1226 haec
547 1192 720 1235 piissimus
743 1201 871 1231 comes,
895 1192 1035 1225 occulto
1062 1192 1129 1225 Dei
1152 1192 1285 1237 judicio
1306 1192 1445 1235 penitus
1467 1192 1559 1225 virili
1590 1192 1758 1235 progenie
1786 1191 1937 1230 orbatus,
2002 1191 2138 1243 ''2¹35ss

369 1246 448 1278 fusa
463 1246 510 1279 ad
525 1246 637 1278 Deum
652 1255 759 1288 prece
774 1245 811 1278 in
826 1255 888 1287 spe
903 1245 1031 1278 sobolis
1046 1246 1298 1288 procreandae,
1313 1256 1456 1278 uxorem
1472 1256 1568 1279 suam
1579 1245 1808 1290 cognovit,';⁴in
1826 1255 1937 1289 eaque
2013 1245 2043 1270 Α·
2059 1246 2121 1270 ¹³⁸⁹

370 1300 458 1333 filios
480 1305 515 1332 et
538 1299 624 1332 filias
645 1299 835 1343 generavit.
883 1298 965 1339 Qui,
980 1309 1091 1342 usque
1114 1299 1160 1332 ad
1177 1305 1392 1332 senectutem
1408 1299 1684 1333 honestissimam
1699 1309 1806 1343 agens
1820 1299 1940 1341 vitam,

371 1353 556 1397 plurimum
579 1352 614 1384 in
638 1352 878 1385 aedificatione
896 1352 1122 1385 ecclesiarum
1138 1352 1301 1391 intentus,
1318 1353 1459 1386 easdem
1474 1358 1578 1395 prout
1593 1353 1740 1386 insoluta
1755 1352 1862 1396 ipsius
1877 1364 1941 1396 po-

85 1408 222 1442 steritas
243 1409 358 1442 adhuc
381 1413 416 1440 et
437 1407 526 1450 regit
548 1412 583 1439 et
605 1412 798 1444 conservat,
821 1417 886 1450 per
900 1412 1007 1439 totam
1021 1412 1148 1439 terram
1165 1417 1261 1439 suam
1277 1406 1420 1448 copiose
1437 1406 1592 1440 dotando
1616 1412 1651 1439 et
1675 1407 1825 1439 virorum
1848 1408 1941 1450 psal-

36 1475 45 1506 5
83 1461 228 1495 lentium
249 1461 413 1505 religiose
436 1465 540 1504 atque
564 1460 731 1493 decenter
753 1459 962 1498 ordinando,
984 1459 1062 1503 pius
1087 1460 1321 1502 orphanorum
1344 1465 1379 1492 et
1402 1459 1583 1492 viduarum
1598 1466 1778 1502 protector
1799 1470 1842 1493 ac
1865 1471 1939 1493 mu-

41 1528 43 1530 ·
84 1515 210 1548 nificus
230 1525 420 1558 pauperum
444 1513 576 1547 Christi
598 1512 797 1547 sublevator
820 1513 943 1546 extitit.
989 1513 1147 1556 Cumque
1171 1513 1225 1545 his
1249 1519 1283 1545 et
1305 1513 1476 1546 similibus
1498 1513 1714 1555 proficiendo
1737 1523 1877 1557 semper
1905 1514 1942 1546 in

32 1574 33 1577 ’
84 1569 207 1602 melius
230 1568 396 1602 honestae
419 1567 613 1601 sanctitatis
636 1567 832 1609 exemplum
864 1568 999 1600 cunctis
1029 1567 1204 1606 existeret,
1227 1567 1370 1600 tandem
1397 1567 1597 1600 necessaria
1622 1567 1793 1600 humanae
1817 1568 1941 1601 condi-

34 1615 43 1645 ’ἲ
85 1621 191 1655 tionis
215 1622 294 1666 lege
316 1621 511 1654 naturalem
535 1621 571 1653 in
595 1630 637 1653 ea
659 1620 918 1654 dissolutionem
941 1626 1120 1663 operante,
1143 1620 1236 1653 illam
1260 1620 1428 1653 illustrem
1453 1620 1614 1660 animam,
1637 1626 1734 1653 tanta
1757 1621 1940 1655 collustra—

6 1687 13 1719 ἦ
36 1700 42 1721 3
85 1675 191 1715 tione,
215 1681 253 1708 ut
275 1675 476 1708 meritorum
500 1674 678 1719 agnitione
701 1674 911 1719 insignitam,
935 1675 981 1708 ad
1004 1674 1201 1707 desiderata
1223 1674 1404 1708 beatorum
1430 1673 1579 1718 collegia
1602 1680 1682 1707 ante
1714 1681 1939 1718 conspectum

7 1721 14 1775 J
31 1724 37 1753 ἕ
84 1728 231 1762 Divinae
253 1728 449 1773 Majestatis
472 1728 664 1771 expirando
689 1728 881 1772 delegavit3
906 1738 1101 1772 corpusque
1125 1727 1198 1760 eius
1221 1728 1315 1771 apud
1331 1727 1492 1762 Melitum
1515 1728 1552 1760 in
1568 1727 1730 1768 ecclesia,
1747 1738 1850 1772 quam
1866 1729 1942 1771 ipse

7 1777 43 1812 Ἢ
85 1782 304 1821 fundaverat,
329 1782 531 1821 honorifice,
554 1787 592 1814 ut
614 1787 746 1815 tantum
768 1781 882 1814 virum
906 1781 1066 1821 decebat,
1090 1781 1262 1824 sepultum
1277 1786 1330 1814 est
1347 1782 1368 1815 ¹.

8 1874 11 1881 Ι
45 1877 49 1885 ,
173 1834 257 1868 Post
278 1835 372 1868 hunc
396 1834 529 1875 Simon,
553 1835 702 1868 filiorum
725 1835 987 1879 primogenitus,
1010 1835 1167 1879 regimen
1191 1835 1391 1868 consulatus
1415 1835 1562 1878 accepit.
1609 1833 1691 1874 Qui,
1715 1845 1779 1878 per
1808 1846 1940 1879 paucos

9 1889 12 1903 ἶ
39 1894 55 1923 ἴ·
86 1888 205 1922 vivens
227 1899 346 1927 annos,
369 1898 496 1933 graves
518 1887 563 1921 ab
585 1888 712 1931 Apulis
733 1889 940 1921 mutationes
955 1888 1115 1922 sustinuit
1127 1888 1151 1922 ³.
1196 1888 1291 1921 Huic
1306 1889 1476 1921 successit
1491 1888 1550 1922 ille
1566 1889 1744 1921 hominum
1760 1889 1939 1929 maximus,

10 1938 11 1942 ¹
36 1947 49 1978 ζ
85 1953 106 1975 a
127 1941 202 1976 Deo
227 1941 377 1975 dilectus
400 1947 436 1974 et
459 1942 676 1983 benedictus,
700 1942 824 1974 unicus
846 1942 902 1975 leo
924 1947 960 1975 et
982 1942 1078 1985 pacis
1101 1942 1366 1981 firmamentum,
1393 1942 1578 1986 Rogerius,
1601 1941 1722 1974 mundi
1748 1941 1941 1980 admiratio,

48 2023 51 2031 s
84 1995 248 2029 virtutum
272 1995 426 2028 omnium
448 1995 624 2038 splendor,
648 2001 683 2029 et
705 2006 789 2039 prae
811 1995 953 2039 regibus
977 1995 1081 2028 heros
1108 1996 1247 2039 sapiens
1270 2002 1305 2029 et
1327 1996 1515 2029 immensus
1545 1996 1670 2034 omnia,
1700 1996 1797 2038 prius
1827 2001 1944 2029 tamen

85 2058 212 2087 comes,
234 2054 358 2091 postea
381 2049 447 2082 Dei
470 2049 615 2082 multum
638 2048 903 2092 incomparabili
925 2048 999 2082 eius
1022 2049 1193 2092 sapientia
1207 2055 1387 2093 operante,
1403 2049 1530 2093 dignus
1553 2049 1624 2082 dux
1647 2049 1777 2082 feracis
1793 2049 1941 2092 Apuliae

10 2115 18 2135 a
54 2112 57 2114 ·
86 2108 120 2135 et
143 2101 287 2146 Capuae
310 2103 537 2145 principatus,
560 2102 606 2135 ad
627 2102 784 2136 ultimum
808 2112 870 2135 rex
893 2102 1046 2143 Siciliae,
1068 2102 1235 2145 Tripolis,
1258 2102 1403 2136 Africae
1420 2102 1685 2146 potentissimus,
1701 2103 1787 2136 fines
1802 2102 1941 2145 imperii

53 2154 62 2194 J
85 2155 138 2188 sui
162 2155 264 2200 longe
286 2156 427 2200 lateque
450 2155 635 2199 multiplici
657 2161 826 2189 terrarum
849 2156 1078 2200 acquisitione
1103 2156 1297 2199 ampliavit:
1322 2156 1368 2189 ad
1390 2156 1488 2190 cuius
1512 2156 1632 2189 laudes
1655 2162 1690 2189 et
1711 2162 1808 2200 gesta
1823 2155 1944 2198 probi-

42 2228 47 2236 η
85 2209 164 2242 tatis
186 2209 410 2253 singulariter
432 2209 620 2242 referenda
643 2209 805 2253 quoniam
820 2204 1003 2243 Ciceronis
1018 2209 1251 2253 eloquentiam
1267 2209 1533 2243 insufficientem
1549 2210 1655 2242 fuisse
1670 2215 1805 2252 reputo.
1850 2208 1940 2254 Ego,

86 2261 146 2306 qui
160 2262 236 2296 fere
251 2262 365 2297 nullus
380 2273 468 2302 sum,
483 2268 600 2296 tantae
617 2262 797 2306 gravitatis
813 2272 900 2296 onus
915 2262 1001 2295 mihi
1017 2262 1133 2297 adhuc
1149 2263 1365 2307 incognitum
1381 2263 1418 2295 in
1433 2263 1609 2306 praesenti
1625 2269 1762 2296 tentare
1778 2263 1941 2296 formido.

174 2360 279 2393 Anno
302 2360 440 2393 Domini
457 2359 647 2399 MXXVII,
664 2359 804 2394 decimo
819 2366 917 2394 sexto
933 2359 1103 2394 kalendas
1117 2361 1266 2405 augusti,
1280 2366 1403 2405 gaytus
1420 2359 1628 2405 Maymonus
1643 2360 1832 2403 Hispanus,
1849 2370 1943 2392 sara-

42 2424 51 2446 <
86 2422 203 2452 cenus,
226 2412 354 2446 Pactas
366 2413 378 2431 ³
395 2419 430 2446 et
445 2419 574 2446 terram
591 2413 845 2458 Syracusanam
860 2413 953 2447 inira
967 2413 1041 2447 dies
1056 2420 1190 2457 septem
1206 2414 1366 2454 vastavit,
1383 2414 1565 2458 praedavit
1579 2420 1614 2448 et
1629 2412 1798 2454 incendit,
1813 2413 1941 2447 utrius-

49 2461 60 2489 ῗ
87 2475 155 2510 que
177 2476 279 2500 sexus
301 2467 345 2499 de
367 2466 567 2500 hominibus
590 2472 724 2510 partem
747 2466 879 2500 occidit
901 2473 938 2500 et
961 2472 1096 2510 partem
1118 2468 1320 2511 captivavit.

174 2519 278 2554 Anno
301 2521 440 2554 Domini
462 2519 654 2558 MXXXII,
678 2520 878 2564 stratigotus
900 2521 1031 2564 primus
1055 2521 1229 2565 Georgius
1251 2520 1423 2555 Patricius
1451 2527 1486 2554 et
1509 2521 1717 2554 Maniachus
1742 2531 1820 2554 cum
1851 2520 1940 2553 duce

18 2635 21 2642 2
14 2574 24 2603 r*-
11 2273 26 2562 ·-ῆ,-α-’·ιι·τ>σο-ηῃι·ῡ.·εο;ενῡν
16 2255 17 2258 „
10 2140 18 2158 -n
10 2081 20 2105 «ι,
9 2047 14 2066 ν»

178 2648 203 2667 ².
220 2641 381 2676 piissimus]
400 2643 597 2668 sanctissimus
616 2643 675 2668 AB
694 2655 703 2661 -
723 2650 739 2667 a
758 2642 839 2667 virlll
858 2642 885 2666 B
903 2655 937 2660 —
955 2647 1008 2675 4-5.
1027 2643 1331 2668 honestisslmam....
1351 2643 1505 2677 plurimum
1524 2651 1574 2668 om.
1597 2642 1622 2667 C
1637 2655 1671 2660 -
1691 2650 1716 2674 4.
1739 2642 1943 2667 hedificatlone

22 2703 39 2722 ἐν
55 2679 61 2716 J
90 2682 321 2716 AB-lnsoluta]
340 2684 371 2709 in
391 2684 478 2710 solita
491 2684 515 2709 A
525 2685 552 2709 B
567 2698 597 2704 -
610 2683 636 2709 6.
649 2683 812 2717 conservat]
830 2686 990 2717 composita
1005 2692 1034 2710 re
1046 2685 1072 2710 B
1089 2698 1099 2704 -
1117 2683 1256 2720 virorum]
1277 2685 1361 2711 iuxta
1381 2687 1405 2711 C
1424 2699 1455 2704 —
1475 2685 1531 2717 6-7.
1551 2683 1748 2718 psallentium]
1768 2685 1942 2717 psallentum

19 2722 61 2762 ’ἦ
92 2725 121 2751 Ρ
136 2739 169 2744 -
188 2725 213 2753 8.
231 2727 276 2752 hl:
294 2729 322 2752 et
340 2725 490 2760 simultas]
509 2727 545 2751 lis
564 2728 592 2751 et
610 2726 722 2752 filiabus
745 2726 769 2751 C
785 2739 818 2744 —-
841 2733 881 2752 ιο.
894 2727 1024 2752 naturale
1044 2728 1070 2752 B
1088 2741 1121 2746 —
1137 2734 1178 2753 12.
1193 2728 1337 2753 Mellltum
1356 2728 1419 2752 AB
1438 2741 1470 2746 —
1488 2735 1528 2760 14.
1541 2735 1658 2760 regnum
1678 2727 1858 2752 consulatum
1871 2727 1897 2751 B
1911 2740 1943 2745 —

33 2763 52 2806 J
94 2765 134 2793 18.
151 2767 210 2794 dux
227 2776 276 2794 om.
294 2769 356 2794 AB
374 2782 407 2787 --
426 2776 469 2794 21.
488 2767 636 2794 Clclronls
654 2769 716 2794 AB
734 2782 766 2787 —-
787 2775 830 2793 22.
856 2769 949 2794 honus
968 2769 994 2793 B
1012 2782 1021 2788 ·
1041 2771 1181 2803 temptare
1198 2770 1260 2795 AB
1279 2784 1286 2788 -
1307 2771 1343 2796 In
1363 2770 1389 2794 B
1406 2770 1469 2802 dopo
1489 2769 1616 2794 formido
1642 2776 1733 2802 regan
1759 2769 1851 2794 Amen
1878 2770 1944 2794 dico

12 2819 13 2822 ¹
93 2809 184 2843 vobis,
203 2810 270 2836 dum
288 2812 417 2845 tempora
435 2811 555 2842 habetis.
576 2811 738 2845 operamini
757 2811 864 2836 bonurn
879 2811 913 2836 sd
928 2818 1025 2836 omnes
1039 2825 1072 2830 —
1087 2818 1128 2846 ²3·
1142 2812 1311 2838 Mslmorius
1325 2813 1350 2837 Β
1362 2826 1395 2830 -
1410 2818 1500 2844 23-24.
1520 2818 1684 2836 sarracenus
1702 2812 1727 2835 B
1742 2825 1772 2830 —-
1788 2818 1829 2844 24.
1843 2811 1943 2837 Pactas

93 2852 121 2876 et
137 2859 187 2878 out.
204 2853 231 2878 B
249 2865 282 2871 —
300 2859 343 2886 ²5·
361 2850 538 2887 hominibus]
558 2853 692 2878 omnibus
711 2853 735 2878 Α
756 2866 789 2871 -
809 2851 851 2878 26.
870 2851 1052 2888 stratigotus]
1071 2855 1238 2888 strnngotus
1256 2854 1283 2879 B
1301 2867 1312 2874 -
1331 2854 1515 2879 Manraehius
1534 2855 1561 2878 Β

29 2967 63 2981 ,Ἀ
179 2939 188 2958 “
207 2941 304 2968 001ιὴ
324 2944 402 2974 noto,
423 2943 446 2968 ll
472 2941 551 2968 Gran
578 2942 672 2968 Conte
696 2941 843 2975 Rugglsro
868 2939 944 2967 morl
969 2942 990 2967 u
1044 2943 1144 2975 logium
1156 2943 1280 2969 Panos-m.
1294 2942 1347 2977 (ed.
1361 2941 1619 2974 Wmcxsnmrm),
1633 2944 1663 2967 ln
1677 2942 1699 2967 F
1709 2950 1727 2967 ο
1737 2943 1844 2968 rschu
1853 2949 1942 2976 ngen
1973 2950 2005 2970 10

25 2990 65 3024 ‘fg
94 2987 127 3008 π
144 2983 255 3017 gluguo
273 2984 320 3010 del
349 2991 424 3010 1101.
1046 2992 1108 3010 zur
1126 2985 1332 3011 deutschen
1352 2984 1586 3016 Geschlehte,
1606 2985 1666 3010 vol.
1684 2983 1785 3016 xvm,
1807 2992 1834 3017 p.
1853 2992 1914 3018 413.

180 3023 192 3042 ¹
209 3025 327 3052 Simone
345 3027 418 3053 morl
439 3027 461 3052 ll
480 3026 515 3052 28
534 3028 685 3052 settembre
706 3033 786 3060 ¹¹05·
822 3026 869 3053 Cf.
893 3027 991 3052 Nam·
1134 3026 1147 3044 ¹
1165 3028 1253 3060 Paeti,
1273 3030 1303 3053 ln
1323 3035 1404 3061 prov.
1423 3027 1453 3052 dl
1474 3027 1609 3053 Messlnn.

26 3047 66 3116 ἦέ
