2320 3424
371 223 391 257 4
946 218 1220 254 GAUFREDI
1250 214 1632 251 MALATERRAE

454 341 630 378 Omnibus,
655 340 777 384 quibus
801 350 862 382 per
886 339 1079 371 universam
1103 337 1255 370 Siciliam
1273 337 1474 379 episcopale
1490 336 1547 368 vel
1564 335 1727 368 clericale
1742 346 1869 368 nomen
1886 336 2090 379 assignatur,
2105 336 2215 369 frater

368 395 562 429 Gaufredus
585 394 771 426 Malaterra
794 403 871 425 cum
896 391 1125 434 assignatione
1149 389 1298 422 nominis
1321 396 1355 422 et
1378 389 1618 433 significatum.
1665 388 1896 432 Antiquorum
1927 389 2213 432 philosophorum

366 448 556 486 traditione,
580 448 717 479 futurae
741 446 940 488 propaginis
962 445 1132 476 humanae
1155 454 1229 475 mos
1244 443 1399 481 inolevit,
1416 443 1558 475 fortium
1576 442 1671 475 facta
1687 442 1849 482 virorum,
1864 442 2024 485 apicibus
2039 443 2213 481 adnotata,

366 502 410 533 ad
433 507 589 544 posteros
612 501 852 537 transmittere,
883 509 926 530 ne
950 498 1045 530 facta
1068 497 1290 530 memoranda
1314 507 1392 528 cum
1416 496 1509 538 ipsis,
1534 507 1554 527 a
1578 496 1704 539 quibus
1726 496 1824 536 fiunt,
1847 496 1985 529 silentio
2012 497 2213 539 depereant,

366 555 427 586 sed
448 554 561 596 potius
584 554 633 586 ita
656 552 780 585 litteris
803 552 1044 585 commendata
1069 556 1102 582 et
1126 561 1146 582 a
1169 550 1295 582 futuris
1318 550 1422 588 lecta,
1446 550 1503 582 vel
1527 550 1678 592 cognita,
1704 550 1806 592 ipsos,
1823 560 1845 582 a
1860 550 1986 593 quibus
2012 549 2108 583 facta
2124 555 2214 590 sunt,

367 607 514 650 quadam
537 606 627 639 vitae
651 605 826 644 memoria,
850 604 1106 648 quodammodo
1134 603 1230 646 quasi
1262 602 1382 635 vivere
1406 602 1577 644 faciasth,
1625 602 1733 641 Quod
1764 603 1987 636 commendat
2019 603 2213 641 Sallustius,

365 660 424 692 ille
448 660 535 692 inter
558 659 856 702 historiographos
880 657 1063 690 laudabilis
1086 656 1215 695 rhetor,
1240 657 1298 699 qui
1322 657 1360 688 in
1383 656 1557 699 principio
1581 657 1634 688 sui
1657 656 1735 689 libri
1758 657 1909 699 scripsit,
1932 657 2065 690 dicens:
2093 656 2215 689 Omnes

365 713 523 752 homines,
546 714 607 756 qui
625 724 694 745 sese
715 712 851 744 student
872 715 1051 754 praestare
1073 710 1284 751 animalibus,
1308 721 1437 742 summa
1461 712 1527 753 ope
1550 710 1618 742 niti
1638 710 1741 750 decet,
1765 721 1805 742 ne
1827 711 1934 743 vitam
1961 711 2093 743 silentio
2116 715 2213 743 tran-

363 770 457 798 seant
479 766 640 808 quomodo
663 769 796 809 pecora,
821 775 914 808 quae,
939 768 1063 796 natura
1084 767 1208 807 prona,
1232 763 1410 806 ventrique
1432 763 1621 795 obedientia
1632 763 1749 806 finxit.

452 819 611 852 Pluribus
635 819 779 852 edoctus
803 818 1013 857 auctoribus,
1037 817 1102 850 sibi
1131 823 1286 849 veterum
1316 817 1478 851 historias
1508 816 1743 855 recitantibus,
1766 817 2018 850 famosissimus
2048 817 2214 861 princeps

363 872 536 915 Rogerius
558 873 747 905 laboriosos
770 878 805 904 et
828 882 897 904 non
920 871 993 903 sine
1017 881 1141 913 magno
1166 869 1364 902 discrimine
1392 869 1583 911 triumphos
1614 879 1704 908 suos,
1729 870 1877 912 qualiter
1906 869 2072 903 videlicet
2101 869 2214 913 primo

365 926 572 964 Calabriam,
596 925 722 958 deinde
746 935 827 957 vero
850 924 1005 957 Siciliam
1028 930 1158 955 armata
1183 934 1286 955 manu
1310 921 1557 966 subjugaverit,
1581 923 1739 964 posteris,
1772 924 1919 956 consilio
1950 934 2088 956 suorum
2119 934 2215 957 man-

366 980 448 1012 dare
472 979 675 1016 decernens,
699 978 794 1016 mihi,
819 985 855 1010 ut
879 979 924 1010 ad
947 977 1048 1010 huius
1071 976 1186 1019 operis
1209 976 1364 1009 laborem
1389 976 1594 1008 dictandum
1618 976 1792 1020 accingar,
1816 977 1976 1021 injunxit.
2023 977 2096 1010 Sed
2122 977 2214 1020 quia,

363 1032 594 1074 praecedente
615 1032 651 1064 in
674 1043 729 1063 me
753 1030 924 1063 beneficio
948 1040 1021 1068 suo,
1045 1030 1215 1073 quidquid
1239 1028 1388 1071 injunxit
1418 1039 1547 1073 negare
1579 1040 1727 1072 nequeo,
1758 1031 1872 1062 minus
1902 1031 2037 1063 erudito
2068 1031 2148 1064 stilo
2180 1037 2215 1065 et

365 1086 483 1118 enervi
512 1086 653 1128 poetria,
689 1085 787 1127 quasi
821 1085 935 1116 lacum
966 1083 1273 1126 profundissimum
1303 1082 1448 1115 natandi
1484 1083 1632 1121 nescius,
1667 1083 1806 1116 timidus
1839 1084 2034 1128 ingredior;
2070 1094 2214 1130 vosque,

363 1145 580 1181 vestramque
604 1139 785 1170 adversum
808 1147 864 1169 me
887 1137 1160 1180 indignationem
1183 1136 1369 1178 plurimum
1391 1137 1651 1178 pertimescens,
1674 1137 1879 1180 praesertim
1905 1149 1985 1170 cum
2007 1149 2070 1171 vos
2101 1139 2214 1182 limpi—

363 1192 500 1225 dissimo
523 1192 620 1224 fonte
644 1191 891 1234 grammaticae
916 1190 998 1222 artis
1023 1189 1208 1228 debriatos,
1234 1200 1301 1222 non
1326 1196 1441 1221 autem
1464 1201 1530 1228 me,
1555 1190 1633 1222 talis
1656 1191 1822 1224 scientiae
1853 1202 1943 1234 pane
1974 1191 2137 1237 jejunum,
2167 1193 2215 1226 ad

364 1246 432 1278 tale
454 1255 539 1287 opus
562 1245 701 1289 accingi
724 1245 885 1287 oportuit.

452 1298 522 1331 Sed
545 1298 744 1340 praedictus
765 1298 931 1340 princeps
954 1307 1027 1336 vos,
1050 1296 1237 1341 maJ'oribus
1260 1296 1463 1330 utilitatibus
1486 1303 1685 1340 occupatos,
1708 1298 1882 1331 interdum
1912 1299 2079 1332 videlicet
2101 1299 2214 1332 eccle-

364 1352 489 1383 siarum
525 1351 615 1383 curis
649 1361 726 1383 cum
761 1350 910 1389 Martha,
945 1351 1117 1382 interdum
1150 1361 1232 1382 vero
1265 1350 1388 1383 beatae
1422 1351 1708 1394 contemplationi
1744 1362 1821 1384 cum
1855 1352 1969 1385 Maria
2002 1353 2215 1391 insudantes,

366 1414 591 1449 cognoscens,
615 1404 724 1444 vobis,
749 1414 792 1436 ue
815 1415 835 1436 a
858 1404 994 1436 meliori
1016 1404 1197 1446 proposito
1222 1414 1284 1436 vos
1304 1410 1458 1443 revocet,
1482 1405 1613 1447 parcit;
1637 1415 1692 1437 me
1716 1415 1810 1444 vero,
1835 1406 1933 1448 quasi
1964 1412 2146 1439 vacantem
2179 1412 2215 1439 et

364 1458 449 1490 nulli
474 1458 641 1490 exercitio
665 1458 831 1496 deditum,
855 1458 1003 1501 quadam
1020 1468 1123 1489 manu
1139 1457 1342 1499 pulsationis
1357 1457 1614 1501 vigilantiorem
1631 1459 1780 1491 reddere
1797 1459 1930 1504 satagit.
1975 1460 2080 1503 Rogo
2096 1460 2214 1503 itaque

364 1521 425 1544 vos
447 1517 494 1549 ut,
517 1521 686 1543 memores
709 1511 908 1553 Scripturae
932 1510 1105 1543 dicentis:
1129 1511 1280 1543 Invicem
1304 1522 1410 1544 onera
1433 1516 1547 1543 vestra
1568 1515 1718 1556 portate,
1741 1517 1775 1545 et
1796 1513 1844 1545 sic
1859 1513 2087 1557 adimplebitis
2101 1514 2214 1556 legem

368 1564 508 1603 Christi,
532 1570 565 1598 et
588 1565 682 1607 quod
705 1564 788 1596 alibi
812 1565 956 1597 dicitur:
980 1564 1112 1596 Frater
1125 1564 1285 1608 fratrem
1309 1565 1484 1608 adjuvans,
1510 1565 1604 1597 ambo
1628 1567 1852 1604 consolantur,
1869 1567 1914 1600 ad
1937 1566 2051 1599 debile
2075 1577 2216 1600 carmen

365 1629 477 1650 meum
499 1619 757 1651 sustentandum
780 1619 906 1660 pedem
930 1618 1036 1650 vestri
1059 1618 1188 1650 favoris
1211 1618 1404 1662 porrigatis,
1428 1624 1477 1656 ut,
1500 1620 1626 1663 clypeo
1650 1626 1785 1652 vestrae
1816 1620 2030 1653 auctoritatis
2055 1620 2216 1660 munitus,

363 1671 518 1704 incursus
547 1672 800 1705 detrahentium
831 1678 865 1704 et
894 1671 1034 1704 inimico
1066 1672 1172 1705 dente
1202 1672 1350 1704 aliorum
1383 1673 1478 1706 dicta
1509 1673 1566 1705 vel
1595 1674 1690 1706 facta
1719 1674 1847 1706 rodere
1877 1674 2082 1707 tentantium
2105 1674 2217 1707 minus

365 1726 616 1768 pertimescam.
663 1726 749 1758 Sunt
772 1726 862 1758 enim
887 1726 1040 1768 quidam,
1063 1726 1134 1770 qui,
1158 1737 1236 1758 cum
1260 1726 1405 1759 alicuius
1429 1727 1596 1760 scientiae
1619 1728 1748 1771 gradus
1770 1733 1956 1771 utcumque
1980 1728 2159 1772 attigerint
2181 1732 2216 1760 et

367 1779 493 1812 exinde
516 1779 684 1812 humanae
707 1779 819 1811 laudis
841 1779 997 1812 favorem
1021 1779 1141 1822 adepti
1163 1779 1306 1819 fuerint,
1330 1781 1475 1813 tumenti
1505 1781 1691 1823 supercilio
1715 1787 1810 1814 tanta
1840 1781 1969 1814 invidia
1992 1781 2215 1824 superfluunt,

368 1838 405 1865 ut
427 1833 597 1865 neminem
620 1833 686 1865 sibi
707 1832 829 1865 litteris
853 1832 1145 1875 aequipollentem
1172 1844 1216 1865 ex
1247 1833 1404 1876 proximo
1435 1834 1566 1867 habere
1595 1835 1714 1867 velint.
1760 1833 1823 1867 Sin
1853 1841 1966 1869 autem
1997 1845 2057 1868 eos
2086 1834 2216 1867 habere
2300 1854 2318 1894 Ξ

368 1885 564 1929 contigerit,
588 1897 674 1929 opus
697 1886 856 1923 alienum,
880 1886 1095 1919 detrahendo
1119 1887 1276 1920 mordaci
1301 1888 1419 1925 dente,
1442 1893 1609 1930 appetere
1633 1899 1703 1921 non
1734 1889 1913 1928 desistunt,
1943 1888 2084 1921 alterius
2113 1888 2216 1921 laude
2239 1888 2317 1948 ³⁰9}

367 1950 462 1972 suam
485 1940 592 1972 minui
615 1940 782 1973 timentes.
828 1940 890 1972 His
915 1946 1150 1983 competenter
1174 1941 1340 1984 assignari
1357 1948 1472 1984 potest
1486 1942 1573 1975 illud
1590 1942 1803 1985 Scripturae,
1819 1952 1889 1985 qua
1903 1941 2050 1976 dicitur:
2067 1941 2219 1976 Scimus
2304 1959 2318 1982 i,

367 1993 473 2038 inflat,
496 1995 560 2027 sed
582 2005 652 2027 non
675 1993 894 2037 subsequitur
917 1994 953 2026 in
977 1995 1038 2027 eis:
1063 1995 1192 2028 caritas
1213 1995 1390 2039 aedificat.
1436 1995 1575 2029 Adsunt
1606 1996 1664 2029 alii
1687 2007 1707 2029 e
1731 2002 1864 2035 contra,
1896 2006 2040 2040 quorum
2071 1996 2218 2029 scientia
2304 2011 2317 2051 i

368 2052 403 2079 et
425 2057 537 2080 mores
558 2048 650 2090 ipsos
674 2048 710 2079 in
732 2053 863 2080 tantum
887 2047 1081 2086 nobilitant,
1105 2054 1152 2086 ut,
1177 2054 1343 2091 quantum
1365 2050 1444 2092 plus
1473 2049 1717 2092 philosophico
1747 2050 1846 2084 sonte
1879 2049 2092 2088 debriantur,
2121 2055 2218 2082 tanto
2299 2051 2318 2096 ἲ]

368 2100 491 2133 minori
515 2101 716 2134 extollentia
738 2101 930 2144 rapiantur.
955 2111 1109 2144 gressum
1133 2102 1258 2135 mentis
1281 2113 1417 2145 semper
1439 2104 1476 2135 in
1500 2103 1694 2136 humilitate
1709 2103 1866 2147 figentes,
1882 2103 2028 2136 aliorum
2045 2103 2140 2136 dicta
2161 2103 2219 2136 vel
2303 2096 2318 2163 ἶ

367 2154 462 2186 facta
483 2165 551 2187 non
574 2155 823 2193 remordentes,
847 2155 910 2188 sed
933 2156 1027 2198 quod
1049 2156 1159 2187 minus
1182 2162 1304 2189 ornate
1326 2156 1457 2190 dictum
1482 2157 1525 2190 ab
1557 2158 1607 2190 eis
1631 2157 1824 2196 audierunt,
1856 2168 1933 2190 cum
1956 2157 2218 2191 mansuetudine
2241 2147 2318 2189 35ἐξ

366 2208 457 2240 intra
479 2209 621 2251 seipsos,
644 2219 714 2241 non
745 2215 858 2242 autem
890 2209 927 2240 in
957 2208 1112 2251 publico,
1142 2220 1186 2242 ne
1218 2211 1310 2243 forte
1341 2211 1629 2250 scandalizentur,
1661 2211 1849 2255 corrigunt.
1895 2211 1939 2244 Et
1968 2217 2006 2244 ut
2035 2222 2095 2244 eos
2125 2212 2219 2254 apud

366 2267 523 2303 potentes
545 2262 645 2294 huius
668 2263 796 2294 saeculi
818 2263 989 2306 gratiosos
1012 2262 1127 2295 verbis
1151 2264 1269 2302 faciat,
1293 2265 1462 2297 extollere
1486 2265 1651 2304 nituntur,
1677 2275 1795 2297 eorum
1827 2265 1976 2305 laudem,
2007 2264 2063 2297 vel
2086 2264 2219 2298 lucrum

370 2315 466 2357 quasi
489 2325 587 2347 suum
610 2316 839 2348 aestimantes.

456 2367 587 2400 Horum
611 2369 837 2402 affectuosam
854 2369 1133 2403 benevolentiam
1151 2371 1334 2404 adversum
1351 2383 1406 2404 me
1423 2371 1562 2405 invitari
1578 2382 1742 2414 exposco.
1789 2372 1865 2415 Ego
1882 2382 1964 2404 vero
1981 2381 2221 2416 quaecumque

371 2421 548 2454 dictavero
572 2422 669 2454 vobis
692 2423 898 2466 corrigenda
920 2429 955 2456 et
977 2424 1064 2456 rosis
1085 2430 1219 2457 vestrae
1244 2426 1413 2458 scientiae
1437 2427 1639 2459 exornanda
1662 2426 1846 2468 reputabo:
1872 2431 1910 2458 ut
1937 2426 2048 2464 vinea,
2072 2437 2093 2458 a
2121 2424 2221 2458 vobis
2244 2425 2313 2458 40

370 2480 518 2513 exarata,
542 2476 637 2508 cultu
660 2483 795 2509 vestrae
826 2478 992 2510 scientiae
1024 2484 1153 2520 potata,
1184 2479 1366 2512 uberiores
1389 2480 1525 2513 fructus
1554 2480 1717 2517 reddens.
1747 2479 1784 2511 in
1815 2479 1983 2523 maiorem
2015 2478 2154 2512 laudem
2185 2483 2221 2511 et

370 2527 514 2570 gratiam
538 2529 719 2570 perveniat
740 2530 918 2573 principis.

2302 2207 2303 2211 κ
2307 2192 2317 2214 ”·1

462 2648 483 2666 1.
503 2641 589 2666 frater
607 2650 655 2667 om.
675 2644 702 2667 P
720 2657 751 2660 —
773 2650 795 2668 2.
810 2642 981 2677 Gaufredus]
1000 2645 1050 2669 cosi
1064 2646 1105 2674 P;
1121 2645 1266 2671 Goffridus
1284 2647 1307 2671 A
1328 2660 1338 2665 -
1358 2649 1385 2672 et
1405 2646 1608 2681 significatum]
1625 2647 1676 2672 cosi
1690 2648 1760 2672 Ped
1771 2647 1815 2676 A:
1827 2655 1870 2671 ma
1882 2647 2022 2679 aper-lodo
2034 2649 2106 2671 res-ta
2124 2648 2221 2678 sospem

372 2689 386 2705 e
403 2690 454 2706 non
472 2683 507 2707 lta
523 2691 595 2708 senso
614 2698 646 2702 —
666 2692 691 2717 9.
711 2686 903 2710 obedientiam
924 2687 981 2711 ΡΑ
1001 2701 1032 2705 -
1056 2695 1096 2712 10.
1115 2687 1260 2722 Pluribus]
1279 2689 1398 2714 Talibus
1418 2691 1445 2714 P
1462 2704 1495 2708 ——
1512 2697 1551 2715 12.
1571 2690 1685 2722 deinde]
1698 2690 1749 2714 cosi
1763 2691 1804 2719 P;
1824 2689 1927 2714 dehinc
1945 2689 1969 2714 A
1982 2703 2015 2707 -
2031 2693 2072 2720 15.
2084 2690 2112 2714 et
2124 2687 2222 2714 enervi

373 2723 436 2758 pos]
449 2726 478 2749 in
497 2725 520 2749 Α
538 2734 585 2750 con
603 2730 691 2758 queste
705 2728 798 2759 parole
815 2730 917 2753 rimans
936 2730 965 2753 in
983 2732 1071 2754 trunco
1090 2730 1119 2755 la
1131 2731 1271 2763 Epistola.
1312 2728 1413 2756 Orbem
1431 2733 1455 2756 le
1473 2740 1608 2758 numerose
1619 2732 1735 2757 asa-urim
1752 2732 1798 2757 che
1812 2735 1936 2764 presente
1954 2732 1978 2756 {1
1993 2733 2104 2756 contexto
2116 2745 2148 2750 —
2166 2737 2224 2755 cm

372 2765 417 2789 che
429 2770 558 2792 contr-asta
575 2776 622 2793 con
640 2769 667 2793 la
686 2769 797 2794 luciana
822 2770 939 2795 abituale
958 2771 1025 2795 dello
1043 2771 1102 2795 stile
1121 2773 1191 2797 della
1211 2772 1341 2799 Cronaca
1362 2788 1404 2803 -—,
1422 2776 1658 2800 auton'nerebbero
1675 2783 1692 2799 α
1710 2777 1815 2799 mettere
1836 2775 1864 2798 tn
1883 2774 1977 2798 dubbio
1996 2772 2174 2798 l'auunucied
2192 2772 2224 2797 δι’

373 2811 461 2838 questa
480 2808 583 2838 lettera,
600 2818 626 2834 se
644 2819 696 2835 non
714 2812 849 2836 tenerrimo
863 2816 993 2844 presente.
1012 2814 1078 2837 oltra
1099 2813 1126 2837 la
1145 2823 1286 2840 mancanna
1305 2817 1349 2840 dei
1364 2818 1448 2841 codz'ct
1465 2825 1478 2840 e
1497 2817 1521 2841 le
1538 2818 1687 2842 conditioni
1703 2817 1735 2841 dn·
1751 2817 1787 2845 P,
1806 2816 1897 2841 alanne
1922 2815 2078 2847 “premant
2101 2822 2114 2838 e
2130 2813 2223 2846 forme
2253 2819 2267 2846 5

373 2856 432 2873 care
449 2851 478 2874 al
493 2851 540 2880 M,
559 2860 572 2875 e
591 2853 615 2876 lo
632 2855 697 2877 stato
716 2854 833 2878 d'am'mo
853 2855 883 2877 di
900 2854 949 2885 lut,
968 2854 1025 2883 clue,
1044 2863 1097 2886 qua
1115 2864 1129 2880 e
1147 2857 1185 2885 Ιὰ,
1204 2858 1329 2882 adombra
1347 2859 1457 2890 qualche
1475 2859 1635 2884 contrariete
1655 2859 1725 2883 della
1744 2866 1793 2883 sua
1811 2860 1866 2883 vita
1880 2861 1996 2891 pass-ata.
