2320 3424
207 1007 236 1030 D,
252 1009 298 1031 ’όν

226 1099 298 1124 C,8r

225 2089 252 2112 B.

267 2090 301 2109 6r

311 2780 342 2798 10

309 2987 339 3015 ¹5

377 210 424 244 22
951 198 1223 236 GAUFREDI
1251 193 1626 232 MALATERRAE
1909 198 1992 235 [ΑΑ.
2013 201 2209 238 :oss-10⁵9]

375 332 484 365 fames
506 329 645 373 quidem
667 326 829 371 propulsa
851 330 914 364 est,
936 322 1071 368 gladius
1094 332 1177 355 vero
1200 319 1419 353 mortalitatis
1435 318 1570 351 acutior
1585 317 1699 350 factus
1715 323 1778 351 est.
1792 371 1799 379 .
1824 317 1916 351 Nam
1932 329 2090 362 corpora,
2105 320 2210 354 famis

372 383 515 427 penuria
537 387 682 414 vacuata
705 385 740 413 et
764 379 842 412 cibo
864 378 1006 416 insueta,
1030 380 1157 419 quanto
1181 372 1422 406 abundantiori
1446 371 1525 404 cibo
1541 376 1662 404 contra
1677 381 1775 403 usum
1790 377 2063 415 intemperanter
2076 375 2211 409 reficie-

372 438 505 474 bantur,
528 440 622 468 tanto
645 434 744 466 citius
767 429 1058 474 periclitabantur.

458 527 623 562 XXVIII.
647 544 683 549 —
713 523 939 557 Calabrenses
963 522 1125 565 denique,
1157 530 1266 564 genus
1292 529 1428 561 semper
1443 518 1718 561 perfidissimum,
1749 529 1827 552 cum
1855 519 2026 560 viderent,
2041 522 2210 557 fratribus

371 583 459 615 inter
481 591 517 613 se
540 578 792 616 dissidentibus,
815 587 890 610 sese
913 587 934 609 a
956 575 1092 608 nemine
1114 574 1255 611 visitari,
1271 577 1461 615 coeperunt
1476 573 1596 616 jugum
1612 572 1890 606 Normannorum
1906 585 1927 606 a
1942 584 1980 607 se
1997 581 2160 610 excutere
2175 582 2210 610 et
2254 577 2273 610 5

371 634 556 671 servitium,
580 633 673 675 quod
693 631 902 675 juraverant,
924 629 980 662 vel
1003 628 1168 661 tributum
1191 626 1329 659 minime
1351 625 1562 668 persolvere.
1607 625 1711 658 Unde
1737 631 1770 660 et
1792 626 2007 661 simulatione
2035 628 2210 664 fidelitatis

371 688 554 721 traditione
579 685 777 728 composita,
801 689 948 716 castrum
972 683 1225 715 Neocasttense
1248 680 1470 722 accipientes,
1494 679 1677 722 sexaginta
1699 680 1929 720 Normannoa
1952 682 2012 726 qui
2034 683 2081 717 ad
2109 689 2209 718 tuen-

373 742 453 774 dum
475 741 526 774 ibi
549 745 697 773 castrum
720 738 833 771 relicti
857 743 965 775 erant,
989 746 1057 768 una
1080 735 1137 768 die
1161 739 1391 777 peremerunt.

457 833 590 867 XXIX.
615 851 652 857 -
686 831 793 870 Quod
823 841 900 863 eum
932 829 1123 863 Guiscardo
1153 828 1385 861 renuntiatum
1416 831 1517 865 esset,
1547 827 1672 860 videns
1701 839 1738 862 se
1769 828 1963 863 Calabriam
1994 831 2144 874 perdere
2175 839 2209 867 et

371 887 531 931 Apuliam
553 892 660 919 totam
684 885 826 923 turbari,
849 885 991 917 fratrem
1014 893 1077 926 per
1099 882 1232 926 legatos
1254 881 1460 919 accersiens,
1483 890 1606 923 pacem
1629 891 1707 914 cum
1731 881 1808 925 ipso
1831 883 1929 922 fecit,
1952 885 2152 919 concedens
2174 887 2208 920 ei
2234 887 2274 921 10

366 941 585 974 medietatem
607 939 709 972 totius
732 937 913 971 Calabriae
938 949 958 969 a
979 937 1060 980 jugo
1084 935 1208 968 montis
1234 934 1406 968 Nichifoli
1438 939 1472 966 et
1502 934 1629 967 montis
1658 934 1849 976 SckilIadi,
1879 937 1975 980 quod
2005 939 2208 983 acquisitum

372 1000 456 1034 erat,
478 994 535 1026 vel
558 1003 734 1037 quousque
758 991 908 1036 Regium
931 990 1058 1023 'essent
1080 988 1292 1032 acquisituri.
1705 991 1707 994 '

458 1087 574 1121 XXX.
601 1105 637 1110 —
663 1086 748 1119 Post
771 1085 857 1118 haec
881 1084 1056 1117 Robertus
1079 1082 1302 1121 Guiscardus‚
1319 1093 1460 1116 uxorem
1483 1082 1613 1116 habens
1636 1094 1717 1118 suae
1732 1085 1847 1128 gentis
1861 1086 2043 1120 honestam
2059 1093 2094 1121 et
2107 1099 2209 1132 prae-

371 1141 455 1175 clari
477 1140 614 1185 generis
636 1146 760 1181 natam,
785 1137 997 1171 Alberadam
1021 1137 1171 1176 nomine,
1196 1147 1239 1169 ex
1261 1147 1330 1179 qua
1354 1135 1505 1169 habebat
1528 1136 1633 1169 filium
1655 1138 1793 1171 nomine
1817 1138 1986 1180 Marcum,
2014 1151 2117 1184 quem
2140 1141 2208 1176 alio

371 1195 508 1228 nomine
532 1193 697 1226 dicebant
719 1192 967 1229 Boamundum,
991 1190 1290 1234 consanguinitate
1313 1189 1538 1223 adnumerata
1551 1190 1573 1229 ¹,
1605 1191 1785 1225 canonicis
1807 1193 2042 1227 sanctionibus
2071 1201 2208 1229 contra·-
2235 1197 2273 1230 15
2300 1219 2303 1222 -

370 1249 440 1280 rius
462 1258 534 1280 esse
560 1247 691 1286 nolens,
715 1245 913 1289 conjugium
937 1244 1052 1282 solvit3
1077 1243 1248 1286 filiamque
1272 1243 1435 1282 Gaimari‚
1459 1243 1667 1277 Salemitani
1690 1245 1869 1288 principis,
1894 1247 2131 1292 sigelgaytam
2145 1259 2207 1282 no-

370 1301 473 1339 mine,
496 1300 560 1332 sibi
582 1300 618 1331 in
642 1298 895 1331 matrimonium
920 1297 1105 1340 copulavit.

458 1393 591 1426 XXXI.
615 1412 656 1416 —
680 1392 783 1425 Anno
808 1391 851 1424 ab
873 1391 1110 1425 incarnatione
1138 1391 1276 1424 Domini
1299 1391 1468 1431 MLVHI,
1500 1392 1588 1425 hanc
1620 1393 1713 1435 apud
1743 1393 1923 1427 Salernum
1954 1396 2208 1440 desponsatam,

370 1453 551 1490 antequam
566 1445 803 1484 convenirent,
819 1445 976 1488 Rogerio
994 1445 1092 1478 fratri
1109 1445 1366 1487 procurandam
1382 1446 1610 1486 committens,
1626 1446 1712 1490 ipse,
1727 1453 1765 1480 ut
1781 1447 1914 1489 Gisulfi,
1926 1449 2043 1483 fratris
2057 1450 2208 1494 puellae,

370 1506 485 1534 votum
507 1505 637 1544 ageret,
660 1499 729 1532 duo
752 1504 875 1538 castra,
905 1509 993 1541 quae
1025 1498 1240 1541 Guillelmus‚
1271 1499 1379 1531 frater
1401 1510 1491 1538 suus,
1522 1510 1640 1533 comes
1668 1500 1899 1544 Principatm,
1930 1503 1963 1535 in
1995 1503 2208 1539 haereditate
2230 1507 2275 1539 20

370 1554 460 1586 illius
483 1553 677 1586 firmaverat
688 1552 711 1591 ¹,
734 1551 857 1595 quibus
877 1552 952 1594 ipse
977 1558 1091 1584 tamen
1115 1552 1299 1594 plurimum
1322 1552 1470 1585 infestus
1492 1558 1578 1592 erat,
1610 1554 1760 1587 dirutum
1790 1555 1897 1589 vadit.
1943 1556 2029 1591 Inde
2059 1557 2207 1592 Melfam

373 1617 559 1651 regressus,
582 1606 751 1639 solemnes
775 1606 911 1648 nuptias
935 1605 1135 1639 celebravit.

456 1703 605 1737 XXXII.
629 1723 670 1727 —
695 1703 832 1742 Quibus
854 1704 1009 1747 expletis,
1033 1704 1218 1748 Rogefius,
1240 1705 1424 1739 Guillelmo
1454 1705 1553 1739 fratri
1576 1716 1654 1739 cum
1677 1708 1863 1751 gratiarum
1886 1709 2023 1743 actione
2051 1709 2208 1745 Scaeam

370 1759 519 1797 rediens,
553 1763 693 1801 rogatus
726 1769 747 1790 a
777 1756 980 1796 Guiscardo,
1012 1758 1049 1790 in
1080 1757 1276 1791 Calabriam
1305 1759 1411 1791 venit.
1458 1758 1685 1803 Castrumque
1715 1760 1912 1801 Melitense,
1944 1773 1965 1794 a
1998 1763 2108 1797 fratre
2142 1763 2210 1800 sibi

373 1810 632 1844 haereditaliter
654 1810 891 1850 deliberatum,
914 1810 1055 1854 habens,
1078 1812 1227 1845 rebelles
1250 1812 1417 1846 Calabros
1429 1813 1697 1858 circumquaque
1712 1814 1918 1859 impugnare
1934 1816 2064 1860 coepit.
2109 1817 2207 1858 Qua-
2229 1817 2272 1852 25

372 1866 450 1898 dam
472 1875 555 1897 vero
579 1863 648 1903 die,
672 1874 749 1896 cum
773 1864 947 1907 Oppidum
971 1870 1120 1898 castrum
1145 1871 1373 1910 oppugnaret,
1397 1866 1583 1909 episcopus
1606 1867 1851 1901 Cassanensis⁸
1882 1874 1917 1902 et
1947 1869 2079 1903 Giracii
2106 1881 2208 1914 prae-

371 1928 484 1960 sopus,
508 1928 609 1960 quem
632 1927 693 1950 nos
715 1917 949 1960 praepositum
972 1918 1127 1959 dicimus,
1150 1919 1298 1953 maximo
1314 1919 1472 1953 exercitu
1488 1920 1674 1959 concitato,
1691 1927 1852 1961 castrum,
1868 1923 1963 1966 quod
1978 1922 2099 1957 Sancti
2112 1924 2208 1959 Mar-

372 1971 433 2003 tini
456 1971 586 2003 dicitur
599 1971 624 2010 ⁴,
650 1971 686 2003 in
715 1971 806 2004 valle
838 1970 1032 2004 Salinarum
1061 1973 1222 2015 positum,
1253 1980 1489 2017 oppugnatum
1519 1975 1660 2015 vadunt,
1691 1985 1782 2008 anno
1812 1976 2017 2010 Dominicae
2047 1977 2208 2012 incarna-

371 2025 474 2058 tionis
494 2020 679 2058 MLV1111.
726 2023 832 2063 Quod
855 2036 932 2058 cum
948 2025 1104 2070 Rogerio
1119 2028 1309 2060 nuntiatum
1326 2028 1459 2067 fuisset,
1475 2027 1519 2060 ab
1536 2027 1676 2061 obsesso
1692 2029 1871 2068 recedens,
1887 2029 1992 2063 citato
2007 2040 2119 2071 cursu,
2133 2031 2207 2065 ubi'

375 2087 434 2110 eos
457 2087 532 2110 esse
555 2078 699 2117 audivit,
722 2078 871 2112 advolat.
917 2078 1051 2121 Impetu
1074 2079 1181 2119 facto,
1205 2086 1378 2113 certamen
1404 2081 1493 2123 iniit,
1524 2091 1711 2125 omnesque
1742 2082 1839 2125 quasi
1869 2082 2119 2129 circumagens,
2147 2085 2207 2118 vix
2229 2087 2273 2119 30

370 2141 475 2163 unum
498 2131 647 2163 evadere
670 2131 842 2174 permisit:
866 2132 910 2164 de
933 2142 1078 2175 quorum
1103 2133 1220 2176 spoliis
1242 2140 1277 2166 et
1307 2134 1405 2177 equis
1436 2140 1471 2167 et
1493 2134 1596 2167 armis
1625 2145 1743 2168 omnes
1765 2146 1843 2169 suos
1872 2136 2088 2171 abundantes
2109 2138 2207 2172 fecit.

372 2183 605 2223 Quamobrem
628 2184 800 2225 Calabria,
823 2186 885 2217 etsi
909 2196 978 2218 non
1001 2196 1043 2218 ex
1066 2192 1140 2219 toto
1169 2186 1369 2228 oboediens,
1400 2194 1515 2221 tamen
1546 2199 1567 2220 a
1596 2189 1775 2222 vicinitate
1807 2190 1880 2223 eius
1909 2190 2064 2231 tremula,
2094 2191 2207 2226 minus

370 2248 447 2270 eum
469 2237 563 2280 prior
585 2237 720 2270 irritare
746 2239 997 2281 praesumebat.

457 2359 481 2383 4.
495 2357 603 2383 semper
614 2358 662 2375 om.
676 2351 704 2375 P
715 2364 749 2369 —
762 2356 817 2383 4-5.
831 2352 932 2377 fratres
941 2371 946 2377 .
955 2370 988 2379 ...
1003 2353 1172 2379 dissidentes
1186 2355 1251 2380 BD
1262 2369 1295 2374 —
1310 2360 1335 2386 5.
1348 2354 1474 2390 visitarl]
1487 2357 1617 2381 suscitari
1631 2357 1659 2381 P
1669 2370 1701 2375 -—
1716 2363 1740 2390 7.
1754 2357 1955 2383 Leucastrense
1967 2359 2028 2383 PC
2039 2371 2048 2377 -
2061 2359 2206 2392 acciplens

371 2394 397 2417 B
406 2394 436 2418 D
447 2407 479 2411 —
493 2400 518 2425 9.
532 2394 695 2418 nuntiatum
711 2394 811 2419 fuisset
823 2396 852 2419 P
862 2408 871 2412 -
886 2395 925 2426 se]
939 2403 967 2420 se
986 2403 1081 2421 versus
1101 2398 1132 2421 in
1151 2398 1179 2422 P
1188 2398 1212 2423 C
1228 2411 1261 2416 —
1282 2405 1323 2423 11.
1342 2399 1433 2424 totius
1453 2407 1501 2424 om.
1519 2401 1548 2424 P
1564 2412 1575 2418 -
1588 2407 1685 2432 pacem
1698 2399 1845 2425 confirmat
1858 2401 1885 2425 B
1893 2401 1923 2425 D
1936 2413 1945 2418 -
1959 2400 2078 2426 xntefou
2095 2403 2205 2428 montls

371 2436 398 2459 P
414 2448 424 2453 -
443 2434 614 2467 Squillachii
635 2437 660 2460 Β
678 2449 710 2453 -——
733 2442 772 2461 12.
792 2444 878 2469 usque
896 2436 930 2462 R.
949 2438 977 2462 P
993 2451 1026 2456 —
1048 2444 1087 2470 15.
1106 2439 1310 2465 Beatmundum
1331 2441 1394 2466 BD
1413 2455 1446 2459 —
1462 2441 1733 2475 19-20.Gisulphum
1745 2442 1862 2467 fratrem
1875 2450 1954 2468 suum
1969 2443 2111 2468 Comitem
2123 2443 2204 2470 Prin-

369 2477 479 2509 cipatus
491 2476 539 2502 cosi
550 2478 578 2501 P
590 2491 622 2494 —
636 2483 678 2502 21.
692 2478 747 2510 ipsi
761 2478 914 2511 plurimum
928 2481 956 2504 P
967 2494 998 2498 -
1013 2486 1055 2512 24.
1068 2481 1185 2506 reddens
1198 2483 1226 2507 P
1236 2495 1269 2500 —
1284 2488 1328 2514 25.
1339 2491 1465 2516 pugnare
1479 2485 1543 2509 BD
1561 2499 1593 2503 —
1614 2483 1656 2510 26.
1670 2484 1867 2510 Cassianensls
1885 2486 1914 2509 P
1923 2485 1946 2510 C
1962 2498 1973 2504 —
1991 2484 2122 2511 Girachn
2141 2486 2205 2512 BD

372 2532 404 2537 —
424 2524 467 2550 ²7·
485 2520 632 2544 contracto
650 2520 695 2544 vel
715 2522 871 2550 concitato,
890 2523 1012 2546 castrum
1025 2522 1075 2547 cosi
1089 2525 1153 2548 BD
1165 2538 1197 2543 —
1211 2524 1254 2550 28.
1267 2525 1365 2550 Sancti
1379 2525 1468 2551 Marci
1486 2527 1536 2552 cosi
1558 2528 1622 2552 BD
1639 2540 1649 2546 ·
1669 2528 1794 2561 positum
1812 2535 1861 2552 om.
1880 2528 1940 2552 PC
1956 2540 1967 2546 —
1980 2526 2203 2561 oppugnandum

370 2561 450 2585 vadit
476 2562 502 2586 B
525 2574 559 2580 -
584 2568 626 2595 ²9·
646 2569 755 2587 ossesso
775 2563 803 2587 P
818 2576 830 2582 -
848 2571 986 2589 concursu
1006 2566 1031 2590 B
1050 2579 1080 2583 —-—
1100 2572 1142 2598 3⁰·
1168 2574 1227 2591 esse
1252 2575 1301 2593 om.
1327 2569 1388 2594 BD
1408 2582 1416 2587 -
1437 2571 1576 2594 certamen
1597 2570 1666 2594 iniit
1686 2577 1734 2595 om.
1753 2570 1780 2595 P
1793 2583 1803 2588 -
1822 2568 1986 2603 omnesque]
2004 2570 2124 2603 indeque
2147 2570 2176 2596 P
2191 2583 2202 2590 -

369 2604 590 2636 circumcingens
609 2603 635 2627 P

456 2690 465 2707 ¹
489 2691 573 2717 Gtm..
592 2693 692 2725 Arum,
712 2693 747 2724 11,
766 2701 834 2727 421:
1316 2701 1375 2727 vol.
1395 2701 1418 2732 1,
1436 2710 1464 2735 p.
1487 2707 1544 2734 154.

525 2735 600 2760 prima
613 2735 709 2761 coniuge
722 2742 765 2762 pro
779 2738 978 2763 consanguinitate
991 2741 1089 2765 repulsa.
1403 2741 1414 2758 ²
1432 2742 1546 2769 ΑΜΑτο
1566 2743 1612 2774 VI,
1633 2751 1647 2768 2
1651 2750 1680 2776 5:
1702 2744 1716 2757 “
1726 2746 1753 2768 et
1773 2743 1933 2769 Guillerme
1953 2744 1983 2768 su
1997 2744 2052 2769 fait
2064 2743 2207 2769 chevalier

368 2774 487 2805 ΑΜΑτο,
498 2776 544 2806 IV,
566 2775 606 2806 18,
620 2779 759 2804 concorda
773 2779 816 2804 col
829 2779 867 2804 M.
882 2781 955 2805 sulla
967 2789 1051 2807 causa
1065 2783 1108 2807 del
1123 2784 1259 2810 divorzio.
1316 2783 1374 2809 “de
1393 2785 1505 2810 Gisolfe
1524 2787 1552 2811 et
1571 2786 1601 2811 lo
1621 2787 1718 2819 prince
1738 2785 1851 2811 Gisolse
1870 2786 1899 2811 lo
1917 2785 1962 2811 fist
1981 2793 2033 2811 son
2054 2784 2126 2811 frere
2135 2803 2162 2818 ,,.

368 2815 477 2841 L’anno
496 2818 570 2843 delle
589 2827 676 2844 nozze
690 2834 723 2839 —
738 2821 758 2845 il
775 2821 842 2853 1058
856 2836 888 2840 -
903 2824 970 2848 dato
984 2824 1029 2849 dal
1045 2825 1082 2849 M.
1096 2825 1143 2857 (cs.
1159 2827 1179 2850 il
1199 2835 1259 2860 cap.
1401 2826 1412 2843 ³
1430 2829 1540 2858 Mileto,
1561 2830 1590 2853 in
1610 2836 1690 2862 prov.
1710 2830 1741 2855 di
1761 2829 1937 2860 Catanzar03
1957 2828 2073 2862 Oppido
2085 2828 2206 2854 Mamer-

369 2859 546 2891 successivo),
566 2862 702 2893 risponde
714 2863 772 2887 alla
786 2864 882 2894 realta,
897 2864 946 2897 pih
961 2866 1010 2890 che
1026 2866 1045 2890 il
1064 2873 1130 2899 1059
1143 2871 1260 2900 segnato
1313 2870 1384 2900 tina,
1404 2872 1433 2895 in
1453 2879 1533 2904 prov.
1554 2872 1581 2896 di
1602 2871 1713 2904 Reggio
1727 2871 1875 2902 Calabr123
1890 2871 2024 2900 Cassano,
2038 2872 2069 2896 ln
2082 2877 2162 2904 prov.
2175 2871 2204 2896 dt
2233 2879 2268 2899 πο

370 2899 414 2924 dal
433 2899 562 2933 Pugliese
582 2911 596 2927 e
615 2904 649 2928 da
668 2905 780 2930 Amato.
818 2906 841 2930 11
862 2908 1047 2932 matrimonio
1067 2908 1098 2933 fu
1117 2909 1258 2935 celebrato
1313 2912 1448 2938 Cosenza.

369 2942 458 2972 prima
477 2943 522 2967 del
541 2946 667 2970 concilio
686 2947 715 2971 di
737 2947 821 2977 Meffi,
842 2956 899 2973 non
919 2949 1004 2982 dopo,
1024 2958 1103 2975 come
1122 2953 1257 2977 von-ebbe
1398 2953 1409 2970 ⁴
1429 2946 1450 2979 E
1469 2955 1525 2980 San
1545 2956 1682 2989 Martlno,
1695 2955 1836 2989 villagglo
1849 2956 1894 2980 sul
1906 2955 2084 2980 eontrafforti
2100 2954 2207 2980 dell’A-

367 2982 388 3006 il
408 2982 535 3015 Danaae,
555 2990 593 3018 op.
613 2989 669 3016 cit..
695 2996 722 3022 p.
749 2997 807 3022 339.
845 2989 891 3016 Cf.
917 2991 1114 3022 cananum«,
1138 2997 1177 3025 op.
1200 2996 1258 3024 cit..
1311 2999 1482 3029 spromonte.
