2320 3424
198 342 226 366 B,
242 348 289 363 nr

205 926 229 949 C,
244 929 291 949 ην

190 1456 220 1480 D.
236 1461 294 1480 105v

181 1509 255 1533 Mun„
271 1510 308 1534 567

195 2520 220 2544 C,
235 2521 281 2541 [ὃν

366 211 413 246 40
939 206 1212 243 GAUFREDI
1240 205 1621 243 MALATERRAE
2035 215 2086 251 [Α.
2107 216 2200 252 1002]

363 333 445 366 satis
468 331 689 366 defensabilis
710 331 812 369 foret,
837 331 881 363 ad
905 337 1021 363 votum
1043 328 1156 361 suum'
1179 328 1333 372 aptando
1356 328 1535 361 fortiorem
1565 329 1728 370 reddens,
1757 341 1863 366 uxore
1893 332 1941 365 ibi
1970 343 2048 365 cum
2078 333 2198 376 paucis

363 385 512 424 dimissa,
536 385 803 428 circumquaque
826 383 941 416 vicina
964 388 1077 415 castra
1101 382 1295 415 lacessitum
1319 382 1414 415 vadit
1428 381 1450 414 ¹.
1497 382 1625 415 Graeci
1650 393 1743 423 vero,
1766 395 1904 428 semper
1917 396 2027 430 genus
2042 386 2199 429 perfidis-

361 438 494 477 simum,
517 438 585 470 hoc
608 436 681 469 solo
699 436 834 475 offensi,
851 436 944 479 quod
960 435 1087 467 milites
1103 435 1236 467 comitis
1251 435 1286 467 in
1303 434 1460 468 domibus
1476 434 1544 467 suis
1555 435 1615 468 ubi
1630 435 1906 479 hospitabantur,
1922 439 1968 472 de
1983 439 2147 473 uxoribus
2162 446 2198 473 et

361 490 494 523 filiabus
516 490 683 528 timentes,
707 489 854 532 quadam
880 489 948 526 die,
965 499 1042 521 cum
1060 498 1174 521 comes
1190 488 1283 530 apud
1299 488 1503 520 Nicosinum
1516 488 1539 528 ²,
1554 490 1781 532 oppugnandi
1795 493 1916 534 gratia,
1930 499 2132 532 moraretur,
2146 493 2199 526 vi-

361 544 479 576 dentes
502 553 631 585 paucos
654 553 731 575 cum
755 542 931 575 comitissa
952 542 1166 579 remansisse,
1189 541 1354 584 suspicati
1377 551 1413 574 se
1429 541 1466 573 in
1488 542 1628 575 eosdem
1650 543 1757 591 facile
1779 546 1993 587 praevalere,
2017 553 2054 580 ut
2070 557 2130 580 eos
2152 547 2198 580 ab
2243 546 2262 579 5

361 596 458 634 urbe,
481 596 687 638 expellendo
711 596 766 627 vel
789 602 884 629 certe
908 595 1116 634 occidendo,
1137 594 1255 638 jugum
1280 604 1399 627 eorum
1423 605 1443 626 a
1465 604 1527 627 suo
1545 594 1720 628 excutiant
1749 597 1853 636 collo,
1883 609 2086 643 oppugnare
2116 610 2197 634 coe-

360 655 493 692 perunt.
540 648 611 681 Sed
634 649 751 686 nostri,
774 648 932 692 quamvis
955 649 1068 691 pauci,
1091 648 1207 680 animo
1229 653 1346 680 tamen
1371 653 1405 680 et
1427 648 1531 680 armis
1554 649 1808 691 promptissimi,
1831 651 1912 684 dolo
1927 653 2080 698 cognito,
2097 654 2198 686 citius

359 703 395 735 in
419 713 511 734 arma
534 706 653 734 ruunt:
679 701 853 734 dominam
877 711 971 733 suam
996 711 1142 743 seseque
1164 711 1228 743 pro
1255 701 1327 732 vita
1357 700 1521 734 alacriter
1551 701 1794 743 defendentes,
1825 705 1993 738 acerrime
2023 706 2196 745 resistunt,

363 756 476 789 donec
499 765 569 787 nox
592 761 768 787 certamen
792 754 942 788 diremit.
987 754 1113 788 Comes
1135 764 1231 792 vero,
1254 754 1348 797 quod
1371 753 1549 787 acciderat
1578 765 1643 798 per
1668 755 1820 799 legatum
1851 767 2078 802 cognoscens,
2109 759 2200 793 citis-

361 808 464 841 simus
486 808 637 847 advolat,
662 808 893 851 Graecosque,
924 808 992 851 qui,
1022 809 1092 853 jam
1118 807 1203 840 urbe
1234 807 1280 840 ad
1309 807 1532 840 medietatem
1563 808 1687 847 recisa,
1718 808 1810 842 inter
1839 820 1876 843 se
1911 816 1947 843 et
1977 811 2195 846 Normannos
2224 811 2264 846 10

360 862 531 904 quandam
553 860 778 894 munitionem
802 862 847 893 ad
869 872 905 893 se
929 861 1191 893 defendendum
1215 860 1426 898 refecerant,
1449 860 1562 893 minus
1593 861 1637 894 ad
1668 872 1830 904 praesens
1860 863 2065 906 proficiens,
2087 876 2195 909 expu-

360 914 498 958 gnabat.
544 914 727 947 Sarraceni
751 915 902 957 denique
926 915 969 947 de
993 914 1118 946 vicinis
1140 912 1274 945 castris'
1297 913 1449 957 quinque
1472 913 1578 946 millia
1601 925 1621 946 a
1643 913 1743 947 nobis
1760 916 2002 959 promptiores,
2017 918 2198 952 audientes

359 968 515 1001 Graecos
537 979 558 1000 a
582 967 708 1001 nostris
732 968 925 1005 dissentire,
941 978 1011 1000 non
1026 966 1202 998 minimum
1218 966 1339 1010 gavisi,
1356 966 1521 999 auxilium
1539 967 1649 1007 laturi,
1666 979 1703 1000 se
1718 969 1788 1013 jam
1805 970 1850 1002 ad
1866 970 1945 1004 illos
1961 971 2197 1006 contulerant:

359 1032 504 1065 quorum
527 1021 702 1064 praesidio
726 1021 855 1054 Graeci
870 1031 907 1053 se
922 1020 1169 1063 perplurimum
1185 1020 1380 1053 tuebantur.
1426 1020 1518 1053 Nam
1533 1031 1611 1054 cum
1627 1021 1697 1061 diu,
1713 1022 1831 1056 taliter
1846 1023 2092 1068 impugnando,
2107 1036 2199 1059 nnnc

357 1079 471 1107 autem
495 1074 626 1116 seipsos
649 1073 887 1113 defendendo,
910 1073 983 1118 jugi
1007 1073 1203 1106 incursione
1227 1072 1370 1112 detenti,
1394 1071 1486 1113 dum,
1510 1084 1573 1116 per
1596 1074 1734 1108 diversa
1748 1075 1827 1108 loca
1842 1077 2054 1118 praedando,
2070 1077 2198 1111 victum
2224 1078 2262 1111 1³
2303 1108 2305 1111 .

357 1136 537 1170 quaerere,
559 1133 597 1159 ut
619 1126 708 1158 soliti
733 1131 840 1165 erant,
864 1126 1106 1169 impediuntur,
1130 1125 1233 1157 famis
1248 1125 1407 1169 angustia
1425 1132 1460 1159 et
1475 1125 1603 1159 assidui
1620 1128 1816 1160 certaminis
1831 1134 1867 1161 et
1882 1128 2075 1173 vigiliarum
2091 1135 2198 1170 aestu,

360 1190 447 1224 quae
471 1179 609 1212 minime
633 1179 695 1212 sibi
718 1180 848 1222 pariter
872 1180 1093 1219 conveniunt,
1123 1179 1375 1222 perplurimum
1406 1179 1653 1213 afficiebantur.
1699 1181 1740 1214 In
1769 1188 1901 1215 tantum
1932 1183 2024 1216 enim
2054 1183 2198 1229 quisque

357 1232 492 1265 sibimet
514 1233 663 1266 intentus
686 1239 770 1271 erat,
794 1239 832 1265 ut
855 1233 957 1266 etiam
980 1233 1056 1275 ipse
1073 1243 1189 1266 comes
1211 1232 1272 1265 vix
1287 1232 1440 1276 aliquem
1455 1233 1611 1273 haberet,
1628 1234 1688 1278 qui
1703 1234 1769 1268 sibi
1787 1235 1912 1274 cibum,
1929 1242 2076 1280 excepta
2089 1247 2197 1271 uxore

356 1292 391 1320 et
413 1286 601 1330 armigeris,
625 1292 822 1329 appararet.
867 1287 968 1325 Nam,
993 1297 1071 1318 cum
1093 1287 1189 1319 infra
1211 1286 1342 1329 urbem,
1366 1297 1410 1319 ne
1433 1292 1530 1320 extra
1552 1288 1757 1330 praedatum
1786 1289 1862 1330 iret,
1890 1289 1964 1334 jugi
1994 1290 2198 1325 defensione

355 1339 491 1372 interim
515 1339 763 1379 detinerentur,
787 1346 883 1373 extra
907 1346 1019 1373 autem
1044 1340 1195 1372 omnium
1220 1340 1312 1373 oculi
1343 1341 1389 1373 ad
1419 1341 1487 1374 hoc
1516 1341 1750 1381 intenderent,
1781 1348 1819 1376 ut
1841 1343 1880 1383 si,
1903 1353 1981 1376 cum
2004 1345 2126 1387 paucis
2147 1345 2198 1378 la-
2220 1347 2264 1378 20
2306 1379 2307 1382 ,

357 1392 524 1425 trocinari
546 1398 705 1431 tentaret,
729 1393 1084 1435 depraehenderetur:
1111 1393 1257 1436 quodvis
1274 1403 1394 1426 eorum
1410 1404 1515 1437 agere
1531 1394 1714 1428 imminens
1730 1395 1923 1439 periculum
1938 1397 2198 1432 dehortabatur.

359 1445 461 1478 Unde
493 1450 526 1478 et
554 1450 651 1478 tanta
681 1445 827 1488 penuria
855 1447 948 1479 inter
979 1456 1038 1479 eos
1059 1446 1137 1484 fuit,
1161 1445 1215 1479 'ut
1244 1456 1356 1490 neque
1378 1456 1512 1489 rapere,
1536 1457 1660 1491 neque,
1684 1448 1796 1492 gratia
1827 1449 2008 1493 largiente,
2037 1450 2125 1484 alter
2154 1450 2199 1484 ab

358 1499 466 1532 altero
481 1499 677 1541 impetrare,
701 1499 757 1531 vel
780 1501 918 1532 mutuo'
942 1499 1074 1542 aliquid
1098 1499 1261 1543 accipere
1284 1506 1434 1542 possent,
1457 1500 1614 1534 omnibus
1625 1511 1716 1544 pene
1730 1520 1771 1526 —-
1795 1501 1839 1535 ab
1853 1502 1930 1545 ipso
1946 1503 2070 1537 comite
2092 1514 2200 1548 usque

359 1551 403 1584 ad
424 1552 578 1584 ultimum
602 1552 763 1585 clientem
787 1571 827 1575 —-
851 1563 963 1595 aequo
986 1553 1142 1596 pondere
1165 1552 1413 1597 indigentibus.
1459 1553 1615 1587 Vestium
1632 1554 1735 1588 etiam
1751 1561 1847 1589 tanta
1861 1557 2008 1599 penuria
2022 1556 2091 1590 illis
2113 1563 2198 1597 erat,

356 1611 405 1644 ut,
426 1606 518 1637 inter
540 1605 701 1638 comitem
724 1612 759 1638 et
781 1605 988 1638 comitissam
1011 1616 1080 1639 non
1103 1605 1169 1638 nisi
1191 1617 1294 1639 unam
1318 1616 1464 1650 cappam
1480 1606 1657 1647 habentes,
1673 1608 1878 1649 alternatim,
1894 1615 1997 1652 prout
2010 1610 2198 1655 unicuique
2221 1611 2263 1644 25
2306 1639 2307 1642 ,

356 1658 465 1702 major
486 1659 672 1691 necessitas
694 1658 927 1699 incumbebat,
951 1670 992 1692 ea
1013 1659 1207 1693 utebantur.
1255 1660 1382 1693 Graeci
1403 1671 1489 1694 vero
1512 1666 1547 1694 et
1570 1660 1767 1701 Sarraceni,
1798 1663 1922 1705 quibus
1951 1663 2063 1697 omnis
2087 1664 2200 1707 patria

356 1713 478 1745 favens
500 1722 562 1755 pro
585 1711 682 1745 libito
706 1712 856 1755 patebat,
879 1713 1026 1755 plurima
1048 1713 1273 1756 replebantur
1297 1714 1520 1748 abundantia.
1565 1715 1689 1758 Neque
1720 1717 1812 1749 enim
1843 1725 1986 1750 necesse
2016 1717 2083 1751 ill-is
2113 1724 2198 1759 erat,

356 1766 485 1798 victum
508 1766 718 1809 quaerendo,
740 1766 948 1809 aliquorsum
972 1767 1102 1810 vagari,
1126 1767 1254 1811 quippe
1279 1767 1402 1812 quibus
1424 1768 1535 1801 omnis
1557 1768 1690 1809 Sicilia,
1706 1780 1864 1813 quaeque
1879 1771 2075 1804 necessaria
2089 1778 2199 1813 erant,

358 1819 514 1852 certatim
537 1819 698 1852 deferens
720 1819 821 1858 ultra,
844 1819 1097 1862 suppeditabat.
1144 1821 1263 1854 Nostri
1287 1826 1413 1860 autem,
1441 1821 1609 1865 quamvis,
1640 1827 1738 1855 tanta
1766 1824 1912 1866 penuria
1941 1824 2074 1864 affecti,
2096 1825 2198 1859 famis

359 1878 394 1904 et
417 1871 542 1905 laboris
565 1872 827 1916 vigiliarumque
851 1879 948 1906 aestu
971 1874 1061 1906 inter
1085 1874 1216 1917 seipsos
1239 1875 1426 1908 flebiliores
1451 1875 1665 1915 anhelarent,
1695 1877 1813 1910 viriles
1843 1877 1958 1910 animo
1989 1877 2077 1911 alter
2097 1877 2198 1912 alteri
2220 1880 2263 1913 30

356 1924 570 1958 flebilitatem
594 1935 700 1965 suam,
715 1936 759 1958 ne
782 1926 828 1959 ad
850 1926 998 1959 invicem
1024 1927 1298 1967 dehortarentur,
1323 1929 1550 1968 occultantes,
1566 1929 1715 1972 quadam
1731 1929 1904 1963 hilaritate
1920 1930 2018 1964 vultu
2033 1937 2069 1964 et
2083 1931 2200 1965 verbis

357 1978 517 2011 simulare
540 1977 726 2011 tentabant.
774 1978 844 2012 Sed
864 1979 1050 2022 juvencula
1074 1981 1245 2014 comitissa
1261 1981 1353 2014 sitim
1370 1981 1511 2025 quidem
1527 1992 1617 2025 aqua
1634 1983 1872 2027 extinguebat3
1888 1984 2015 2017 famem
2029 1995 2112 2019 vero
2127 1995 2197 2019 non

354 2032 419 2064 nisi
443 2031 594 2064 lacrimis
616 2037 650 2064 et
679 2042 810 2071 somno,
841 2032 972 2076 aliquid
1003 2034 1096 2066 unde
1127 2045 1197 2067 non
1228 2034 1371 2074 habens,
1402 2036 1581 2068 refrenare
1612 2036 1755 2069 sciebat.
1800 2037 1985 2071 Certamen
2015 2038 2198 2080 assiduum,

356 2085 450 2128 quod
472 2085 569 2118 cibus
592 2096 661 2118 non
685 2085 783 2119 cibus
805 2087 1060 2129 suppeditabat,
1084 2088 1218 2121 hostilis
1233 2088 1448 2132 impugnatio
1463 2089 1584 2123 abesse
1598 2089 1819 2133 prohibebat.
1865 2091 1938 2124 Sed
1953 2091 2139 2132 interdum,
2154 2104 2198 2126 ne

356 2138 400 2171 ab
424 2139 580 2172 hostibus
602 2139 842 2182 diriperentur,
865 2140 894 2172 si
909 2151 980 2172 non
995 2141 1184 2186 impugnati
1200 2142 1236 2174 in
1254 2153 1348 2175 arma
1362 2148 1514 2181 ruerent,
1531 2142 1605 2186 ipsa
1621 2144 1742 2176 animis
1759 2155 1876 2177 eorum
1891 2145 2010 2178 innata
2032 2146 2198 2180 ferocitas
2220 2147 2262 2181 35

355 2192 535 2236 sagaciter,
560 2192 665 2225 etiam
688 2193 886 2226 nolentibus
908 2193 1051 2234 viribus,
1075 2195 1365 2238 repraesentabat.

442 2298 556 2331 XXX.
583 2317 623 2322 —
648 2298 810 2337 Quadam
832 2300 949 2343 itaque
973 2300 1042 2340 die,
1066 2301 1254 2334 certamine
1278 2302 1376 2341 inito,
1400 2312 1527 2341 comes,
1550 2313 1639 2347 equo
1661 2303 1824 2342 insidens,
1846 2310 1884 2337 ut
1911 2305 1979 2338 suis
2007 2313 2196 2347 succurrat,

355 2362 428 2384 sese
445 2351 600 2385 hostibus
622 2352 773 2385 medium
798 2353 907 2386 dedit.
952 2354 1078 2387 Hostes
1101 2365 1195 2394 vero,
1219 2366 1261 2388 eo
1286 2356 1436 2400 cognito,
1453 2366 1572 2389 versus
1588 2367 1666 2390 eum
1679 2357 1817 2390 fortiori
1832 2358 1965 2401 impetu
1980 2360 2196 2404 transientes,

355 2415 479 2448 equum
503 2405 576 2437 eius
599 2406 739 2448 spiculis
763 2407 988 2446 confodiunt3
1012 2408 1125 2451 ipsum
1150 2419 1227 2442 cum
1252 2419 1353 2452 equo,
1377 2410 1470 2442 humi
1495 2409 1681 2454 dejectum,
1704 2411 1864 2444 manibus
1880 2412 2083 2455 corripiunt,
2098 2414 2195 2457 quasi

356 2463 487 2490 taurum
513 2457 556 2490 ad
579 2458 755 2491 victimam
779 2459 1018 2498 reluctantem,
1041 2472 1150 2505 usque
1173 2462 1219 2494 ad
1241 2462 1310 2494 sibi
1333 2463 1495 2496 tutiorem
1520 2462 1634 2496 locum
1659 2463 1815 2497 nituntur
1828 2466 2031 2507 pertrahere
2046 2466 2193 2510 punien-
2217 2469 2259 2502 40

355 2511 446 2543 dum.
492 2511 601 2544 Porro
625 2522 752 2551 comes,
776 2513 813 2545 in
835 2513 946 2546 tanto'
971 2514 1172 2548 discrimine
1195 2515 1337 2559 positus,
1360 2516 1579 2559 pristinarum
1602 2516 1726 2550 virium
1758 2528 1825 2550 non
1850 2518 2039 2559 immemor,
2069 2531 2195 2560 ensem,

443 2647 496 2673 2-3.
516 2649 592 2672 vero,
611 2649 679 2674 gens
698 2650 805 2676 semper
824 2643 1011 2677 perfidissima
1029 2645 1093 2670 BD
1112 2659 1142 2663 —
1169 2653 1193 2678 3.
1219 2647 1267 2671 ubi
1286 2654 1337 2673 om.
1355 2648 1384 2672 P
1399 2660 1431 2666 -
1451 2654 1477 2679 4.
1496 2647 1649 2672 Nlcoxlam
1669 2647 1732 2672 BD
1750 2661 1783 2666 —-
1804 2655 1828 2681 5.
1847 2649 1943 2674 eodem
1966 2650 1995 2674 P
2016 2664 2049 2669 —
2073 2650 2099 2676 6.
2123 2659 2140 2676 ι
2164 2658 2193 2677 se

355 2683 499 2707 excutiant
517 2684 577 2709 PC
594 2698 626 2702 —
649 2691 687 2709 11.
707 2685 831 2710 fecerant
849 2686 912 2710 PC
927 2699 960 2704 —
981 2693 1022 2719 14.
1042 2688 1153 2713 auxilio
1171 2689 1236 2714 BD
1254 2702 1266 2708 -
1285 2697 1313 2714 se
1331 2697 1380 2714 om.
1398 2689 1427 2715 P
1444 2703 1452 2708 -
1472 2689 1625 2723 plurlmum
1637 2689 1703 2714 BD
1716 2702 1749 2709 —
1765 2689 1803 2715 16.
1818 2690 1931 2716 fuerant
1944 2693 2009 2717 BD
2022 2706 2053 2711 -
2069 2698 2110 2726 17.
2129 2693 2192 2719 defi-

354 2724 464 2749 ciebant
482 2726 510 2749 P
526 2739 558 2743 -—
586 2726 675 2759 17-18.
693 2727 926 2760 sibiquisquemet
943 2728 1008 2753 BD
1027 2743 1059 2747 —
1081 2735 1121 2754 20.
1142 2730 1282 2762 omnium]
1301 2731 1476 2756 universales
1495 2733 1525 2756 D
1543 2744 1576 2750 -
1597 2738 1639 2757 21.
1657 2731 1760 2756 horum
1777 2732 1806 2757 P
1822 2747 1855 2751 —
1874 2740 1917 2766 ²3·
1940 2741 2028 2766 usque
2046 2735 2080 2760 sd
2100 2736 2192 2770 ipsum

355 2767 493 2798 comitem,
507 2768 541 2791 ad
555 2768 688 2792 ultimum
709 2770 734 2793 B
754 2784 783 2787 —
807 2775 847 2801 ²5·
868 2777 965 2802 capam
984 2771 1012 2795 P
1028 2784 1060 2788 —
1081 2771 1171 2803 25-26.
1191 2774 1291 2805 cuique
1310 2773 1375 2798 BD
1393 2787 1425 2791 -—
1447 2773 1536 2806 26-27.
1558 2773 1653 2798 omnis
1672 2781 1725 2807 pro
1744 2774 1832 2799 libitu
1850 2777 1942 2809 patria
1958 2777 2069 2802 favebat
2081 2777 2146 2803 BD
2158 2792 2189 2799 —

355 2814 395 2839 ²9-
415 2809 541 2833 certatim
561 2818 610 2834 om.
630 2811 691 2835 BD
710 2825 741 2829 —
761 2819 802 2844 31.
824 2812 1033 2837 decertarentur
1052 2813 1115 2837 BD
1133 2828 1165 2832 -
1180 2822 1221 2847 34.
1235 2823 1291 2847 quo
1305 2815 1341 2841 ad
1360 2817 1463 2846 cibum,
1483 2817 1532 2848 qul
1552 2817 1629 2841 cibus
1650 2824 1708 2841 non
1728 2817 1842 2851 supped.
1861 2818 1910 2843 cos)
1932 2819 1995 2843 BD
2007 2833 2040 2838 —
2052 2825 2096 2852 35.
2109 2820 2191 2846 dlssl·
2221 2826 2236 2854 ς

353 2851 487 2881 terentur,
505 2853 528 2875 si
551 2860 606 2876 non
628 2853 684 2877 nisi
703 2854 730 2877 P
746 2866 758 2872 -
778 2855 1014 2887 impugnabat...
1028 2873 1034 2879 .
1054 2856 1161 2881 ruendo
1180 2858 1206 2880 B
1225 2872 1257 2876 —
1276 2857 1319 2890 36.
1339 2858 1505 2883 volentibus
1523 2859 1552 2884 P
1569 2873 1600 2877 —
1614 2857 1658 2891 38.
1670 2858 1796 2884 hostium
1810 2860 1875 2885 BD
1888 2873 1897 2879 -
1910 2868 2006 2886 versus
2024 2869 2087 2888 eum
2105 2863 2193 2889 me

354 2904 364 2909 -
382 2893 563 2925 transientes]
583 2897 741 2926 grassantes
759 2896 786 2919 P
801 2910 833 2915 —
853 2904 896 2929 41.
914 2897 1101 2930 pristinarum
1120 2906 1212 2924 rerum
1231 2899 1305 2925 haud
1325 2901 1481 2932 immemor,
1501 2901 1647 2926 extrahere
1666 2908 1759 2926 ensem
1779 2901 1842 2927 PC

443 2987 449 3003 ¹
469 2989 595 3015 Durante
614 2990 710 3017 l'anno
733 2991 807 3022 1062.
1386 2996 1397 3013 ²
1416 2998 1542 3029 Nicosla,
1563 2998 1592 3023 in
1614 3006 1696 3032 prov.
1715 2999 1744 3024 di
1766 2999 1897 3028 Catania.

2314 2639 2320 2659 Α»
2310 2527 2320 2627 „ah-bc<
2312 2477 2320 2515 Ἴ»η-
2311 2446 2320 2469 *a
2310 2332 2320 2440 ‚urm—..e
