2314 3418
120 247 204 282 [ΛΑ.
225 247 421 282 ius-12³³]
817 242 1074 279 ANNALES
1103 242 1275 279 SICULI
1897 243 1966 279 119

209 363 313 397 Anno
347 364 487 398 Domini
518 365 720 399 MCCXLV
749 365 953 399 indictionis
983 366 1135 409 quintae,
1167 366 1211 399 de
1242 366 1404 399 mandato
1435 366 1566 399 domini
1594 365 1816 409 imperatoris
1850 375 1967 399 comes

119 417 318 451 Riccardus
340 417 387 450 de
409 417 554 451 Caserta
577 418 684 462 ejecit
710 429 829 452 omnes
852 420 1046 453 Saracenos
1068 419 1113 452 de
1137 419 1268 459 Sicilia,
1295 426 1330 453 et
1360 420 1452 453 misit
1481 419 1561 452 illos
1589 419 1682 462 apud
1713 419 1899 452 Noceriam
1928 418 1965 452 in

119 468 249 513 Apulia
262 471 284 503 ¹.
330 470 417 503 Item
442 471 566 504 eodem
589 482 679 505 anno
703 471 863 505 dominus
886 482 978 515 papa
1000 472 1225 505 Innocentius
1249 472 1440 505 celebravit
1462 482 1623 516 magnum
1656 472 1844 505 concilium
1875 472 1968 516 apud

121 523 328 568 Lugdunum
353 533 431 556 cum
455 525 619 566 praelatis
641 525 916 565 ultramontanis,
938 525 1001 557 sed
1024 535 1126 558 nemo
1157 525 1201 559 de
1233 535 1351 569 regno,
1374 531 1514 568 praeter
1544 525 1720 559 dominum
1747 525 1968 563 Remmium,

24 583 27 620 ς
54 574 58 607 ζ
76 577 95 610 5
119 575 400 609 Panormitanum
424 577 735 620 archiepiscopum,
759 578 818 621 qui
841 577 890 610 ibi
912 578 1034 611 missus
1057 578 1125 611 fuit
1149 589 1168 611 a
1191 578 1334 611 domino
1356 578 1577 621 imperatore.

204 627 308 662 Anno
331 629 475 662 Domini
496 630 732 664 MCCXLVII
754 630 955 664 indictionis
977 631 1158 674 septimae,
1181 631 1340 664 dominus
1361 631 1549 675 imperator
1564 631 1751 676 Liodayus,
1772 642 1835 664 rex
1858 632 1967 664 Fran-

117 692 247 721 corum,
269 683 430 716 transivit
452 683 489 715 in
511 689 627 726 partes
649 684 900 723 ultramarinas,
923 690 958 716 et
980 685 1170 727 permansit
1192 684 1229 717 in
1250 684 1364 717 insula
1379 684 1487 729 Cypri
1503 684 1539 717 in
1562 694 1680 718 mense
1701 685 1789 729 junii
1813 683 1966 717 eiusdem

59 748 65 778 j
115 735 329 774 indictionis3
354 740 390 768 et
412 737 449 769 in
472 737 596 769 eodem
618 746 737 770 mense
761 737 921 770 transivit
942 737 1090 771 viriliter
1113 748 1223 782 usque
1246 747 1341 770 mare
1363 737 1555 777 Damiatae‚
1586 737 1698 770 statim
1731 747 1808 770 cum
1839 747 1966 781 magno

24 799 25 803 ¹
56 819 62 827 „
119 788 247 833 gaudio
271 789 365 832 cepit
386 789 497 832 ipsam
521 795 660 823 terram.

61 834 67 839 “
202 841 308 875 Anno
330 842 471 875 Domini
493 841 749 876 MCCXLVIII
764 843 969 877 indictionis
984 850 1142 883 octavae,
1166 853 1285 877 mense
1309 844 1430 887 aprilis
1453 843 1608 877 eiusdem
1624 843 1833 884 indictionis,
1856 844 1966 878 domi-

55 929 59 942 ³
114 905 179 928 nus
200 904 262 928 rex
285 895 501 928 Francorum
525 896 678 939 perdidit
701 897 829 930 dictam
845 902 971 930 terram
986 897 1176 936 Damiatae,
1193 903 1229 930 et
1243 896 1408 930 soldanus
1422 897 1627 931 Babiloniae
1642 898 1862 940 recuperavit
1876 909 1965 931 eam.

60 978 64 981 ,
199 947 305 981 Anno
328 949 469 982 Domini
492 949 625 983 MCCL
647 949 847 983 indictionis
870 961 994 988 nonae,
1018 961 1135 984 mense
1159 950 1364 989 decembris,
1389 950 1543 984 eiusdem
1566 951 1778 991 indictionis,
1805 953 1966 986 dominus

49 998 55 1031 ἶ
113 1002 304 1044 imperator
327 1002 528 1036 Fridericus
550 1004 722 1036 secundus
745 1003 831 1036 obiit
853 1003 887 1036 in
912 1003 1053 1047 Apulia,
1069 1004 1104 1036 in
1119 1009 1214 1036 terra
1229 1015 1317 1047 quae
1333 1005 1460 1038 dicitur
1475 1005 1712 1038 Florentinum
1726 1004 1756 1042 ’ς
1783 1011 1817 1038 et
1839 1015 1965 1048 corpus

57 1074 60 1078 »
111 1055 185 1089 eius
208 1056 377 1099 applicuit
398 1056 592 1095 Messanae,
616 1057 752 1090 decimo
775 1057 877 1089 tertio
899 1057 1057 1102 januarii,
1081 1057 1197 1090 dictae
1220 1058 1431 1097 indictionis,
1462 1064 1496 1091 et
1518 1058 1644 1091 mansit
1666 1069 1793 1102 corpus
1816 1059 1890 1091 eius
1920 1057 1965 1091 de

50 1110 53 1143 ζ
71 1108 90 1142 5
113 1108 172 1142 die
194 1109 230 1142 in
254 1108 346 1142 diem
362 1109 549 1153 aliquantis
565 1109 688 1142 diebus
703 1110 739 1141 in
754 1109 902 1143 ecclesia
925 1110 1102 1148 Pactensi‚
1117 1117 1277 1153 tempore
1294 1111 1426 1144 domini
1441 1112 1606 1154 Philippi,
1631 1112 1786 1155 episcopi
1809 1113 1962 1146 eiusdem

59 1203 60 1206 ¹
114 1167 244 1200 terrae;
270 1171 305 1195 et
327 1162 395 1195 fuit
418 1163 629 1196 conductum
653 1169 774 1206 postea
796 1163 891 1205 apud
914 1162 1135 1202 Panormum,
1159 1170 1195 1197 et
1216 1164 1264 1197 ibi
1289 1164 1356 1198 fuit
1378 1164 1561 1207 sepultum.
1607 1165 1773 1198 Dominus
1789 1165 1963 1199 Henricus

110 1227 182 1258 rex,
206 1217 296 1249 filius
318 1216 449 1249 domini
471 1216 702 1258 imperatoris,
723 1222 925 1258 procreatus
947 1216 993 1249 de
1016 1226 1124 1249 uxore
1140 1216 1303 1261 Angfiae,
1319 1218 1456 1251 decimo
1472 1228 1564 1251 nono
1581 1219 1637 1251 die
1660 1218 1790 1251 mensis
1802 1218 1964 1262 januarii,

49 1262 58 1298 s
111 1269 228 1302 dictae
251 1279 365 1302 nonae
388 1269 602 1307 indictionis,
626 1269 796 1312 applicuit
818 1269 1027 1309 Messanam,
1051 1276 1086 1302 et
1110 1280 1187 1303 cum
1211 1271 1340 1315 gaudio
1364 1282 1489 1316 magno
1513 1272 1579 1304 fuit
1601 1271 1650 1304 ibi
1672 1278 1843 1314 receptus·

48 1361 49 1364 ¹
198 1322 304 1356 Anno
327 1322 468 1355 Domini
491 1322 639 1356 MCCLI
661 1322 863 1356 indictionis
885 1323 1052 1362 decimae,
1080 1334 1197 1356 mense
1219 1324 1382 1368 januarii,
1400 1325 1554 1357 eiusdem
1581 1325 1790 1364 indictionis,
1807 1325 1965 1359 dominus

51 1387 57 1397 f*
111 1387 173 1409 rex
195 1375 382 1415 Corradus,
404 1375 494 1409 filius
510 1376 642 1409 domini
655 1376 885 1419 imperatoris,
902 1375 997 1408 venit
1014 1376 1058 1409 de
1082 1376 1266 1410 Alamania
1282 1387 1346 1419 per
1362 1387 1457 1410 mare
1474 1388 1551 1410 cum
1566 1389 1693 1422 magno
1710 1379 1837 1411 extolio
1860 1380 1963 1411 misso

48 1431 55 1465 ζ
109 1439 175 1472 per
196 1428 375 1462 dominum
398 1428 605 1472 principem,
628 1428 688 1472 qui
719 1435 793 1462 erat
823 1429 947 1462 ballius
977 1429 1080 1461 totius
1110 1430 1209 1473 regni
1239 1429 1284 1462 de
1315 1430 1479 1463 mandato
1510 1431 1642 1464 domini
1669 1432 1897 1474 imperatoris,
1929 1438 1964 1466 et
1983 1441 1994 1447 ·

7 1503 9 1505 ·
51 1523 54 1525 ,
112 1482 281 1526 applicuit
304 1482 340 1515 in
362 1481 526 1525 Apuliam
551 1488 675 1515 octavo
698 1482 777 1515 idus
799 1482 947 1527 januarii
969 1482 1088 1516 dictae
1112 1482 1323 1516 indictionis.

199 1536 304 1569 Anno
327 1535 469 1568 Domini
493 1535 643 1569 MCCLI
665 1535 871 1569 undecimae
894 1536 1105 1574 indictionis,
1128 1536 1287 1569 dominus
1311 1547 1372 1569 rex
1394 1537 1570 1570 Corradus
1593 1537 1746 1580 possedit
1767 1544 1904 1571 terram.

198 1589 302 1622 Anno
326 1588 468 1622 Domini
492 1587 658 1622 MCCLII
680 1588 882 1622 indictionis
904 1589 1142 1628 duodecimae,
1159 1600 1274 1623 mense
1290 1589 1444 1623 octobris
1459 1590 1624 1634 ejusdem,
1649 1591 1770 1624 civitas
1794 1591 1962 1634 Neapolis

67 1642 87 1676 5
111 1649 217 1686 capta
239 1643 307 1676 fuit
330 1642 374 1676 ab
398 1641 520 1676 eodem
544 1642 686 1676 domino
710 1653 791 1688 rege
816 1642 983 1676 Corrado.
1030 1644 1070 1676 In
1094 1654 1212 1677 mense
1235 1644 1315 1688 maij
1341 1645 1494 1678 eiusdem
1519 1644 1616 1684 obiit,
1645 1651 1680 1678 et
1709 1646 1863 1688 sepultus
1894 1646 1962 1679 fuit

44 1688 47 1693 Β
109 1695 305 1730 Messanae.
328 1696 415 1729 Item
432 1695 556 1730 eodem
569 1707 671 1737 anno,
683 1707 800 1729 mense
812 1697 974 1742 januarii,
991 1697 1145 1731 eiusdem
1162 1697 1372 1736 indictionis,
1384 1708 1446 1731 rex
1461 1697 1634 1731 Henricus
1647 1698 1848 1741 praedictus
1864 1699 1960 1733 obiit.

5 1831 7 1834 ,
27 1825 33 1837 2
196 1794 300 1828 Anno
312 1793 453 1827 Domini
469 1793 652 1828 MCCLIII
666 1794 866 1828 indictionis
882 1794 1038 1828 decimae
1062 1795 1195 1834 tertiae,
1219 1805 1337 1828 mense
1354 1795 1561 1834 novembris,
1579 1796 1733 1829 eiusdem
1749 1796 1960 1836 indictionis,

107 1847 330 1882 Innocentius
352 1858 444 1890 papa
466 1852 608 1891 quartus
630 1847 774 1881 intravit
796 1847 983 1891 Neapolim
1006 1858 1085 1881 cum
1107 1859 1233 1893 magna
1256 1848 1482 1887 exultatione,
1506 1850 1587 1892 quia
1610 1848 1769 1882 dominus
1800 1849 1961 1893 princeps

5 1900 48 1946 'g
61 1913 73 1930 x
109 1900 229 1942 voluit,
252 1907 287 1935 et
308 1911 373 1944 per
395 1901 575 1934 licentiam
598 1911 695 1933 suam
719 1901 860 1934 intravit
882 1901 916 1933 in
932 1911 1078 1946 regnum
1091 1901 1115 1935 ³.
1160 1902 1206 1935 Et
1221 1902 1257 1934 in
1280 1902 1347 1935 illis
1370 1902 1493 1935 diebus
1509 1902 1575 1935 fuit
1589 1903 1798 1936 interfectus
1820 1904 1962 1936 Borrel-

20 1991 23 1993 ,
52 1950 54 1966 ³
109 1954 162 1987 lus
183 1953 229 1988 de
251 1953 414 1998 Anglone
427 1954 451 1987 ⁴.
497 1954 543 1988 Et
565 1954 715 1987 intrante
737 1965 854 1987 mense
877 1954 1056 1988 decembri
1079 1955 1194 1989 dictae
1217 1955 1426 1994 indictionis,
1449 1956 1608 1988 dominus
1630 1967 1721 1999 papa
1735 1956 1958 1989 Innocentius

20 2004 23 2012 '
44 2000 59 2053 >³
108 2007 194 2042 obiit
215 2008 252 2040 in
275 2007 398 2041 eadem
421 2013 515 2041 terra
537 2007 719 2051 Neapolis,
742 2013 778 2041 et
799 2007 849 2041 ibi
871 2008 938 2041 fuit
960 2008 1156 2052 sepultus⁵;
1179 2015 1214 2041 et
1235 2009 1348 2042 statim
1373 2009 1531 2042 dominus
1554 2009 1755 2043 Alexander
1778 2020 1870 2052 papa
1901 2021 1956 2043 su-

0 2075 2 2084 ’
20 2057 53 2098 J(
111 2061 223 2104 acepit
244 2066 408 2104 papatum
426 2071 619 2101 romanum,
642 2066 678 2093 et
699 2061 825 2094 mansit
840 2061 876 2094 in
891 2067 982 2094 terra
999 2062 1168 2105 Neapolis
1183 2072 1291 2106 usque
1307 2063 1343 2095 in
1367 2073 1485 2095 mense
1502 2063 1594 2107 maij,
1611 2063 1726 2096 dictae
1743 2062 1955 2096 indictionis.

21 2118 59 2156 ;;,.
108 2114 196 2147 Item
218 2114 254 2147 in
279 2114 403 2147 eodem
425 2124 529 2153 anno,
552 2124 668 2146 mense
692 2113 879 2147 de'cembri
902 2115 1058 2147 decimae
1081 2115 1201 2148 tertiae
1224 2114 1437 2155 indictionis,
1461 2116 1620 2149 dominus
1635 2116 1799 2159 princeps
1814 2126 1959 2159 recupe-

21 2190 29 2217 ,κ
51 2174 59 2203 ‘1
109 2168 204 2201 ravit
225 2167 410 2202 Luceriam
435 2173 470 2200 et
491 2166 742 2201 Achirenciam
753 2167 776 2207 ⁸,
799 2168 836 2200 in
860 2179 929 2212 qua
950 2168 1156 2203 interfectus
1178 2169 1247 2202 fuit
1270 2169 1447 2213 Johannes
1469 2169 1622 2202 Maurus.
1669 2169 1714 2202 Et
1739 2170 1957 2212 postmodum

0 2216 4 2222 ¹
20 2219 50 2240 ²
69 2221 88 2255 5
111 2221 330 2266 recuperavit
352 2222 528 2255 civitatem
553 2220 705 2260 Melfiae,
729 2227 764 2254 et
788 2222 960 2255 destruxit
982 2222 1160 2256 civitatem
1184 2223 1357 2266 Rapullae
1369 2222 1392 2262 ⁷,
1409 2224 1584 2256 nolentem
1600 2234 1637 2256 se
1653 2223 1803 2256 reddere
1819 2223 1854 2255 in
1870 2234 1958 2257 eum.

20 2266 61 2316 *J
109 2275 156 2308 Et
177 2274 213 2308 in
235 2284 352 2308 mense
375 2274 540 2308 februarii
563 2273 722 2307 decimae
746 2275 868 2307 tertiae
892 2275 1102 2314 indictionis,
1125 2276 1286 2309 universa
1309 2276 1432 2310 civitas
1453 2276 1635 2309 Messanae
1660 2277 1766 2320 eJ'ecit
1797 2276 1958 2310 comitem

44 2345 57 2352 =
110 2327 250 2362 Petrum
274 2328 421 2361 Ruffum
437 2326 483 2360 de
498 2327 660 2361 Calabria
676 2327 720 2360 ab
736 2328 858 2361 eadem
876 2327 1018 2361 civitate
1035 2340 1112 2362 cum
1129 2335 1203 2362 tota
1218 2329 1350 2362 familia
1372 2340 1433 2362 sua
1446 2328 1474 2368 ⁸3
1491 2336 1527 2362 et
1542 2330 1632 2363 misit
1643 2329 1784 2363 domino
1808 2330 1957 2373 principi

55 2376 58 2383 ’
108 2387 146 2415 ut
161 2381 295 2415 veniret
311 2387 346 2414 et
361 2381 537 2424 acciperet
552 2381 747 2415 Messanam
764 2392 842 2414 cum
858 2387 930 2415 tota
947 2382 1077 2415 Sicilia.
1124 2383 1169 2416 Et
1184 2390 1317 2426 postea,
1333 2383 1471 2417 sinistro
1488 2383 1631 2417 consilio
1647 2384 1775 2422 habito,
1791 2384 1958 2417 miserunt

28 2455 29 2458 =
49 2448 57 2478 ς-
109 2445 271 2480 magnum
288 2435 477 2468 exercitum
495 2442 618 2469 contra
630 2435 820 2469 exercitum
834 2436 966 2469 domini
981 2436 1147 2479 principis
1161 2436 1360 2480 praedicti·
1350 2448 1386 2470 m
1402 2436 1635 2476 Calabriam,
1626 2448 1661 2469 m
1686 2443 1843 2470 contrata
1866 2448 1956 2481 quae

200 2607 223 2626 1.
243 2601 345 2626 indict.
364 2601 482 2634 quintae
499 2609 550 2626 om.
571 2601 597 2625 B
617 2615 648 2619 --
669 2607 693 2626 2.
712 2600 871 2626 Reccardus
888 2601 913 2626 A
925 2601 949 2626 C
965 2615 996 2620 --
1017 2609 1042 2634 3.
1062 2603 1218 2628 consillum
1237 2604 1262 2628 Α
1283 2617 1315 2621 -
1335 2611 1360 2635 4.
1380 2603 1427 2628 scd
1448 2601 1542 2637 nemo]
1561 2605 1589 2628 et
1608 2610 1667 2628 non
1680 2603 1704 2628 A
1719 2603 1761 2627 C-
1776 2601 1955 2637 BerrardumJ

0 2660 3 2680 ff
37 2655 48 2675 ,ᾗ
112 2641 284 2668 Recensum
304 2644 332 2668 P
348 2656 380 2662 -
400 2643 426 2669 6.
445 2644 584 2669 Llodalus
603 2644 629 2668 B
649 2656 680 2662 —
701 2649 725 2675 7.
745 2643 850 2677 Cypria
865 2645 932 2670 G-
950 2651 990 2670 12.
1005 2645 1175 2671 indictionis
1189 2653 1281 2671 nonae
1294 2653 1342 2670 om.
1360 2647 1387 2671 B
1400 2661 1432 2664 —
1448 2653 1488 2678 13.
1502 2646 1641 2671 secundus
1654 2654 1702 2671 om.
1716 2646 1742 2670 B
1759 2659 1767 2664 -
1786 2645 1956 2671 Florentina

110 2684 137 2710 B
155 2699 187 2704 —
209 2692 250 2719 19.
267 2685 373 2712 MCCL
391 2687 416 2711 A
436 2700 468 2706 —
489 2693 530 2711 ιο.
549 2684 637 2720 tillus]
658 2687 744 2712 frater
762 2687 788 2710 B
801 2701 833 2706 -
853 2693 894 2711 22.
916 2687 979 2712 idus
997 2695 1046 2712 om.
1065 2687 1090 2712 A
1102 2687 1135 2718 cg
1154 2689 1218 2720 dopo
1230 2689 1403 2714 indictionIs
1422 2690 1450 2713 in
1470 2689 1597 2720 Bsegvu:
1617 2690 1649 2714 ut
1668 2689 1793 2721 possedit
1805 2690 1909 2714 terram
1923 2702 1956 2707 -

111 2733 153 2761 ²5.
170 2728 258 2762 madjl
277 2728 303 2753 A
318 2729 369 2760 qut
384 2737 398 2753 e
412 2728 467 2761 1¹¹³
485 2743 518 2748 -
538 2735 580 2762 34.
598 2729 807 2754 Achurenciam
828 2730 866 2758 B;
886 2729 1096 2762 Achlnenglam
1118 2731 1142 2756 C
1160 2744 1191 2749 -
1210 2730 1253 2763 36.
1274 2732 1448 2756 universitas
1467 2732 1612 2756 Messanae
1630 2730 1654 2754 A
1675 2743 1706 2749 -
1726 2736 1770 2763 37.
1789 2731 1911 2756 Russum
1929 2732 1954 2756 A

0 3005 3 3053 ἓἱ
36 2995 86 3075 »Ξ10
111 3025 132 3051 u
153 3031 228 3060 1254.
267 3026 488 3058 (31.133οικιι,
507 3028 622 3062 Regem
640 3028 763 3062 Impera,
783 3036 809 3062 p.
829 3028 888 3063 3⁶3-
1146 3029 1325 3066 ⁸Jausrrm,
1345 3039 1371 3063 p.
1391 3035 1441 3064 547
1462 3037 1521 3065 sgg.

196 2815 205 2834 ¹
224 2817 430 2844 Preciumente
443 2826 459 2843 a
478 2817 593 2848 Lucera,
613 2820 644 2844 in
663 2819 815 2853 provincia
835 2818 863 2843 di
883 2818 1000 2852 Foggxa.
1143 2818 1155 2836 ⁴
1174 2821 1302 2846 N1comu
1321 2828 1359 2845 m:
1367 2821 1510 2853 Jmsxus
1527 2821 1648 2845 Historia
1660 2820 1691 2844 de
1715 2821 1791 2845 rebus
1799 2821 1881 2852 gestis
1892 2821 1954 2845 Frt-

18 2875 19 2878 =
195 2856 207 2875 ⁸
225 2859 405 2891 Florentino,
423 2867 521 2892 presso
539 2859 658 2893 FoggIa.
697 2859 1140 2891 Cf.Annah11anuae,aerm
1156 2863 1191 2888 II
1204 2865 1265 2892 etc..
1286 2865 1315 2888 ln
1334 2863 1394 2888 RR.
1413 2863 1454 2888 ΙΙ.
1474 2862 1538 2891 SS..
1557 2864 1577 2887 t.
1598 2861 1671 2892 VIII,
1692 2870 1719 2895 p.
1739 2869 1798 2896 500·

0 2917 1 2920 η
34 2896 63 2934 3
109 2900 138 2925 ln
157 2899 217 2926 ΚΒ.
235 2900 273 2927 ΙΙ.
291 2901 352 2932 SS„
370 2902 428 2927 vol.
449 2901 551 2932 XVIII,
569 2909 597 2934 p.
617 2900 682 2934 238,
701 2901 818 2926 Annales
842 2902 1002 2932 Manmant,
1144 2904 1155 2921 θ
1174 2904 1332 2930 ΒΑγΝΑωῙ
1351 2905 1477 2934 Annales,
1498 2906 1594 2930 danno
1614 2905 1635 2929 il
1658 2910 1733 2937 1254.

0 2954 2 2981 ξ
32 2936 65 2986 *3
108 2941 1155 2972 ffld„X1X.n.⁸
1174 2948 1325 2977 Acerenza.
1346 2949 1375 2971 in
1396 2955 1477 2980 prov.
1496 2947 1526 2972 dl
1546 2947 1678 2972 Potenza.

195 2982 207 3001 ⁸
225 2985 375 3011 Nxcotavs
393 2992 431 3011 uz
450 2985 573 3015 Cunmo,
598 2985 658 3011 Vita
676 2986 826 3011 Innocenm
845 2987 948 3018 quarn,
968 2985 1004 3012 da
1146 2987 1158 3005 ‘²
1178 2989 1255 3015 Melfi
1276 2997 1291 3014 e
1310 2988 1442 3022 Rapolla,
1462 2989 1607 3013 enti-ambe
1627 2989 1657 3013 ln
1678 2995 1758 3021 prov.
1772 2988 1800 3013 dl
1816 2988 1953 3015 Potenza.
1983 2995 2012 3023 15

2059 2132 2141 2152 ,ανον
