2314 3418
332 242 378 277 62
907 239 1184 276 GAUFREDI
1214 238 1592 278 MALATERRAE
2007 245 2063 280 [A.
2083 246 2179 280 107⁶]

415 363 485 396 Sed
508 361 667 406 juvenilis
691 362 834 401 animus,
859 361 979 393 militia
1002 361 1143 393 fervens
1166 367 1200 393 et
1225 360 1339 393 laudis
1362 359 1494 399 avidus,
1519 361 1614 404 quod
1637 360 1701 393 sibi
1725 361 1946 396 interdictum
1971 368 2046 395 erat
2061 362 2173 394 minus

326 426 477 454 servans,
500 416 546 447 ad
570 415 635 447 hoc
659 415 722 447 niti
746 414 872 456 coepit,
896 419 934 446 ut
957 419 1036 445 ante
1060 413 1209 446 reditum
1233 413 1368 445 comitis
1391 413 1531 456 aliquod
1554 412 1670 446 nobile
1702 414 1849 455 facinus,
1880 415 1972 448 unde
1997 415 2178 448 militarem

328 468 463 500 laudem
487 474 686 506 mereretur,
717 472 941 509 perpetraret.
987 465 1091 499 Unde
1122 472 1156 498 et
1185 466 1363 509 Traynam
1396 475 1504 508 usque
1535 466 1774 510 progrediens,
1805 467 2007 510 Jordanum,
2040 467 2177 502 comitis

327 521 442 559 filium,
467 530 543 553 cum
568 520 731 552 familiari
755 520 878 552 militia
902 520 1038 552 comitis
1061 530 1176 551 secum
1199 518 1405 551 Cathaniam
1429 519 1585 551 adduxit.

414 573 523 606 Porro
548 574 748 611 Bernarvet,
772 583 898 616 magno
923 573 1108 605 electorum
1132 571 1276 604 militum
1301 571 1454 604 exercitu
1471 578 1694 616 congregato,
1711 573 1754 605 de
1770 580 1872 607 nocte
1888 574 2070 615 accedens,
2085 574 2180 607 haud
2224 573 2244 606 5
2281 595 2286 601 „

327 627 448 668 procul
471 637 491 658 a
518 626 699 664 Cathania,
730 626 765 657 in
797 625 924 658 abditis
954 625 1042 658 locis
1072 625 1204 657 insidiis
1234 625 1439 664 occultatur,
1469 625 1610 667 triginta
1640 625 1807 658 militibus
1836 626 2039 660 Cathaniam
2071 638 2179 670 usque

328 680 532 722 praemissis,
557 679 615 722 qui
638 689 698 712 eos
725 678 769 711 ad
799 685 976 711 certamen
1008 678 1187 717 excitatos,
1219 678 1384 721 fugiendo
1415 677 1553 721 longius
1585 678 1630 710 ab
1660 678 1745 711 urbe
1776 680 2027 722 protraherent.
2073 681 2178 724 Hugo

327 743 408 765 vero
433 739 467 765 et
489 733 671 775 jordanus,
695 733 818 765 militia
842 733 1031 770 ferventes,
1055 741 1135 764 suos
1158 732 1203 763 ad
1227 737 1404 764 certamen
1428 732 1656 770 cohortando,
1680 732 1766 765 urbe
1790 743 1868 764 cum
1891 744 2015 777 magno
2047 734 2177 777 impetu

276 797 285 805 ·
326 786 590 830 digrediuntur3
614 786 827 829 trigintaque
853 786 983 818 electos
1006 785 1135 817 milites
1150 785 1294 817 insidias
1311 785 1526 827 speculatum
1549 786 1734 822 mittentes.
1758 785 1824 828 ipsi
1848 786 2021 820 incautius
2042 787 2177 831 insequi

327 840 533 872 accelerant.
580 839 714 877 'Porro‚
731 838 1008 882 speculatoribus
1024 837 1325 881 praecedentibus,
1342 838 1457 870 locum
1474 837 1676 870 insidiarum
1693 840 1910 882 transgressi,
1926 840 2007 872 dum
2024 851 2044 873 a
2059 841 2178 874 subse·
2205 840 2245 873 10
2266 847 2277 870 1
2310 849 2312 882 3

327 893 512 936 quentibus
533 903 642 936 usque
665 898 873 935 perventum
896 897 958 931 est,
982 891 1032 923 illi
1057 891 1100 924 ab
1123 891 1258 923 insidiis
1281 896 1556 933 prorumpentes,
1581 890 1738 924 hostibus
1760 891 1921 924 horribili
1951 891 2103 926 'turbine
2127 893 2180 926 in-

327 952 480 990 surgunt.
526 946 647 989 Itaque
670 946 730 989 qui
753 951 1023 988 praecesserant,
1047 945 1189 977 insidias
1212 955 1231 976 a
1254 950 1355 987 tergo
1379 944 1549 984 videntes,
1572 955 1639 977 nec
1656 945 1702 978 ad
1717 945 1841 983 socios,
1857 945 2013 979 hostibus
2026 946 2179 989 interpo-

327 1000 415 1039 sitis,
437 1000 576 1042 regredi
600 1010 712 1042 posse,
729 999 974 1032 Paternionem
990 998 1167 1041 fugientes
1184 998 1345 1030 evadunt.
1392 997 1512 1030 Nostri
1528 1008 1613 1030 vero
1629 998 1711 1031 dum
1727 998 1864 1030 fortiter
1881 999 2050 1042 congredi
2067 999 2181 1032 nitun-

327 1059 392 1092 tur,
415 1053 528 1096 Hugo,
553 1052 688 1085 comitis
711 1062 830 1095 gener,
853 1063 931 1084 cum
955 1051 1111 1094 pluribus
1135 1051 1323 1088 occiditur;
1343 1051 1516 1093 Jordanus
1538 1056 1664 1090 autem,
1688 1051 1805 1084 hostes
1835 1051 1930 1084 ferre
1957 1061 2028 1084 non
2050 1051 2180 1091 valens,

326 1117 403 1139 cum
427 1106 547 1148 paucis
570 1105 774 1138 Cathaniam
798 1104 956 1137 elabitur.
1002 1105 1195 1137 Bernarvet
1217 1104 1328 1136 laetus
1351 1114 1430 1136 curn
1452 1103 1570 1146 spoliis
1594 1103 1814 1148 Syracusiam
1837 1104 2045 1148 regreditur.
2204 1105 2242 1138 15
2307 1099 2310 1106 ⁴

415 1160 540 1193 Comes
562 1160 690 1202 itaque,
713 1169 884 1191 rumorem
910 1158 1150 1191 huiuscemodi
1174 1168 1238 1198 per
1261 1158 1414 1201 legatum
1430 1167 1657 1201 cognoscens,
1672 1157 1821 1190 reditum
1837 1157 2024 1192 accelerat.
2069 1157 2179 1192 Exer-
2266 1147 2269 1151 ’
2306 1153 2309 1156 ’

328 1214 397 1246 cito
421 1213 535 1255 itaque
560 1212 726 1244 adversus
749 1212 941 1244 Bernarvet
965 1217 1150 1249 commoto,
1174 1216 1334 1248 castrum,
1358 1211 1454 1253 quod
1477 1209 1622 1243 Zotica⁴
1649 1210 1840 1250 dicebatur,
1864 1221 2079 1256 oppugnans,
2102 1211 2181 1244 fun·

328 1267 417 1299 ditus
441 1266 595 1302 destruit,
619 1265 710 1297 viros
732 1265 880 1307 perimit,
904 1265 1076 1297 foeminas
1098 1265 1133 1296 in
1165 1263 1362 1297 Calabriam
1398 1264 1576 1296 venditum
1603 1263 1715 1302 mittit,
1747 1274 1839 1296 anno
1869 1265 2041 1298 incarnati
2070 1264 2181 1298 Verbi

327 1319 530 1352 MLXXVI.
576 1318 649 1350 Sed
680 1318 761 1360 quia
793 1318 924 1350 animus
947 1318 1128 1360 principis,
1152 1317 1274 1350 dolore
1298 1317 1419 1361 generi
1449 1316 1639 1355 interfecti,
1670 1318 1717 1350 ad
1739 1318 1865 1350 mentis
1888 1316 2183 1350 debilitationem'

329 1383 418 1415 pene
441 1372 603 1410 infectus,
626 1371 693 1404 nisi
716 1371 839 1415 majori
870 1371 1024 1403 vindicta
1055 1371 1169 1403 sanari
1201 1371 1341 1402 minime
1373 1375 1522 1413 poterat,
1553 1370 1753 1413 ampliorem
1785 1370 1974 1403 vindictam
2005 1376 2181 1413 expetens,
2203 1372 2247 1404 20
2262 1368 2264 1370 ’
2303 1408 2305 1414 s

327 1436 434 1468 usque
457 1426 504 1458 ad
527 1425 739 1467 provinciam
765 1424 953 1456 Notensem
978 1424 1170 1466 profectus,
1193 1424 1241 1456 ita
1266 1423 1381 1456 omnia
1403 1424 1659 1462 exterminavit,
1682 1429 1720 1455 ut
1744 1423 1846 1456 etiam
1869 1424 1964 1466 ipsas
1985 1433 2116 1457 messes
2138 1441 2181 1447 —

329 1485 464 1521 tempus
485 1479 575 1510 enim
598 1478 738 1509 triturae
761 1477 908 1510 instabat
932 1496 985 1517 ——,
1008 1477 1092 1520 quia
1107 1482 1285 1519 asportare
1302 1487 1372 1509 non
1387 1483 1535 1519 poterat,
1551 1477 1690 1518 penitus
1705 1476 1778 1518 igni
1793 1475 2028 1510 combusserit.
2075 1475 2183 1516 Quod

330 1533 430 1564 etiam
453 1532 579 1574 passim
603 1542 666 1573 per
689 1530 828 1562 diversa
851 1529 991 1563 Siciliae
1013 1531 1093 1563 loca
1117 1531 1235 1562 facere
1259 1530 1405 1570 addens,
1428 1530 1610 1562 maximam
1634 1535 1822 1573 egestatem
1845 1531 1922 1573 ipso
1946 1540 2036 1563 anno
2067 1529 2182 1564 eidem

329 1586 458 1618 insulae
481 1585 645 1617 incussit:

793 1638 964 1671 Nascitur
986 1649 1076 1681 ergo
1090 1638 1219 1682 fames,
1244 1638 1325 1681 quia
1346 1638 1483 1670 sustulit
1504 1637 1587 1670 ultio
1608 1641 1727 1681 panes.

576 1736 639 1768 XI.
663 1754 704 1759 ——
728 1735 826 1768 Anno
856 1735 958 1769 Verbi
977 1736 1152 1768 incarnati
1172 1740 1343 1769 transacto
1366 1735 1543 1768 millesimo

727 1788 936 1832 Adjectoque
958 1793 1064 1832 super
1085 1789 1178 1821 mille
1199 1790 1326 1832 septies
1347 1789 1531 1827 undecimo,

725 1843 991 1886 Expeditionem
1014 1847 1124 1875 movet
1145 1853 1261 1884 comes,
1285 1853 1396 1874 mense
1418 1842 1532 1885 majo:

725 1897 845 1929 Naves
866 1897 941 1929 vela
964 1897 1047 1929 dant
1069 1899 1135 1939 per
1158 1906 1294 1939 aequor,
1317 1896 1531 1939 suffragante
1553 1895 1707 1939 zephiro.

725 1950 819 1982 Aera
840 1954 968 1988 sonant,
991 1949 1195 1982 buccinando
1216 1952 1340 1992 pontus
1362 1949 1500 1992 plaudit
1510 1948 1645 1992 jubilo:

728 2003 852 2035 Classis
874 2003 1002 2046 magni
1021 2002 1216 2035 Alexandri
1236 2013 1300 2034 non
1314 2001 1393 2045 fuit
1414 2003 1478 2035 hac
1498 2002 1690 2046 pulchrior.

724 2056 823 2089 Aura
845 2057 938 2090 ridet
959 2067 1033 2089 cum
1048 2058 1217 2099 fortunas
1242 2057 1347 2100 pubes
1368 2056 1504 2099 gaudet
1526 2056 1665 2094 bellicas

729 2109 945 2142 Citharizant
965 2111 1013 2142 ad
1032 2110 1093 2142 hoc
1115 2110 1229 2152 docti,·
1252 2114 1414 2142 resonant
1436 2113 1470 2141 et
1491 2113 1663 2153 tympana.

731 2162 901 2196 Trablas²
926 2164 997 2196 itur
1019 2166 1280 2207 oppugnatum:
1305 2163 1357 2195 nil
1376 2167 1562 2196 tumescunt
1584 2173 1740 2206 aequora.

726 2215 796 2249 Sed
816 2217 1024 2249 transcendit
1046 2217 1197 2259 equitatu
1220 2227 1337 2258 comes,
1352 2214 1475 2259 fronte
1498 2216 1630 2254 bellica,

729 2270 898 2302 illontium
920 2270 1171 2313 scopulosorum
1194 2271 1274 2310 ima,
1297 2270 1369 2302 sive
1390 2270 1513 2311 ardua,

727 2323 913 2356 Bellz'cosae
924 2323 1116 2366 juventutis
1137 2323 1244 2356 multa
1257 2322 1372 2366 fultus
1395 2323 1504 2366 copia.

732 2376 877 2420 Clipeos,
900 2386 985 2408 auro
998 2376 1196 2420 fulgentes,
1219 2381 1253 2408 et
1274 2376 1490 2420 splendentes
1509 2377 1633 2419 galeas

730 2429 793 2462 Sol
811 2440 886 2462 cum
908 2430 1037 2472 tangit,
1059 2430 1245 2462 intuentum
1267 2431 1371 2462 aciem
1394 2429 1601 2462 reverberat.

730 2483 863 2516 Montes
884 2493 994 2515 omnes
1015 2483 1250 2526 splendescunt
1270 2486 1377 2527 super
1398 2484 1495 2516 clara
1516 2483 1642 2516 sidera.

731 2536 830 2580 Equi
838 2535 1017 2578 fremunt:
1043 2536 1126 2568 dant
1147 2536 1318 2574 hinnitum
1343 2536 1421 2569 echo
1444 2541 1572 2569 montes
1594 2540 1762 2569 resonant.

425 2645 449 2670 5.
468 2637 591 2661 Benevet
608 2637 634 2660 B
651 2637 702 2667 qut
717 2643 731 2659 e
746 2635 809 2667 git),
827 2643 870 2659 ma
887 2635 969 2660 anche
987 2635 1152 2660 Bennaveth
1172 2650 1204 2654 --
1225 2641 1248 2668 7.
1268 2635 1407 2669 fugiendo
1425 2643 1475 2660 om.
1494 2636 1551 2660 PC
1567 2649 1600 2654 -
1620 2643 1645 2668 9.
1665 2636 1794 2667 subsequi
1814 2636 1843 2661 P
1859 2649 1892 2653 —
1915 2641 1954 2660 ιο.
1973 2634 2063 2660 Porro
2081 2634 2116 2658 da
2133 2633 2184 2666 qui
2282 2661 2286 2674 n

337 2679 490 2704 ricminct’a
503 2679 527 2703 il
536 2679 590 2704 cod.
602 2679 630 2703 B
641 2691 649 2696 -
663 2678 838 2710 speculatum
851 2678 878 2702 P
888 2678 911 2702 C
923 2690 955 2695 —
971 2683 1011 2702 12.
1023 2675 1128 2711 socios}
1142 2685 1207 2702 suos
1221 2679 1247 2702 P
1257 2691 1289 2697 -
1306 2677 1345 2703 16.
1365 2678 1473 2711 legatos
1493 2679 1523 2702 D
1542 2692 1574 2695 —
1592 2677 1680 2710 16-17.
1694 2678 1829 2702 Exercito
1845 2674 1951 2710 itaque]
1965 2677 2145 2708 exercltuque
2156 2674 2184 2700 Ρ
2234 2698 2235 2702 ,
2252 2684 2254 2686 ·

339 2734 370 2739 -—
392 2726 432 2752 17.
451 2719 564 2753 Zotica]
581 2720 685 2745 Rotica
703 2720 733 2744 D
751 2732 785 2738 —
807 2718 847 2744 18.
866 2718 999 2751 destruit]
1018 2719 1108 2744 diruit
1126 2720 1155 2744 P
1171 2733 1182 2738 -
1200 2720 1287 2745 Anno
1306 2721 1427 2745 Domini
1450 2721 1515 2746 BD
1533 2734 1566 2738 —
1592 2727 1634 2745 22.
1654 2717 1790 2753 instabat]
1810 2721 1870 2744 erat
1890 2720 1916 2744 B
1928 2721 1958 2744 D
1974 2732 1986 2738 -
2005 2719 2138 2751 poterant
2154 2717 2184 2744 Ρ
2231 2722 2258 2742 ξέ·

336 2774 349 2781 -
366 2763 429 2795 igni
446 2771 495 2787 om.
515 2763 584 2792 BP;
603 2762 760 2787 combussit
776 2762 800 2786 B
809 2763 839 2786 D
858 2774 890 2779 ——
905 2767 993 2793 24-25.
1006 2769 1081 2786 anno
1094 2762 1125 2786 in
1139 2761 1270 2787 Siciliam
1283 2764 1404 2787 incussit
1416 2763 1442 2786 B
1451 2762 1518 2787 Ρ-
1533 2769 1575 2795 25.
1588 2770 1647 2795 sgg.
1664 2763 1707 2787 Ho
1718 2761 1772 2795 git)
1786 2760 2108 2794 dattonellaprqfatlm
2120 2773 2153 2779 —
2166 2768 2182 2784 e

297 2810 311 2836 5
339 2806 365 2829 lo
384 2808 497 2830 avverto
515 2804 597 2829 anche
614 2805 660 2836 qui
677 2818 709 2822 -—
727 2805 772 2828 che
790 2804 804 2829 1
818 2803 895 2828 codd.
914 2803 940 2827 B
955 2811 970 2828 e
982 2804 1012 2828 D
1029 2811 1082 2828 non
1099 2804 1187 2828 banno
1200 2805 1212 2828 ι’
1221 2805 1302 2830 bruni
1308 2805 1410 2837 poetici
1422 2818 1451 2823 ·-
1474 2804 1516 2830 28.
1537 2805 1631 2830 madio
1645 2805 1673 2830 P
1685 2818 1716 2822 ——
1731 2811 1773 2837 29.
1788 2804 1837 2829 dat
1853 2803 1876 2828 C
1887 2817 1919 2822 --
1933 2810 1974 2835 30.
1987 2810 2054 2828 aero.
2066 2799 2180 2836 sonant]

339 2846 521 2871 Transonant
536 2848 559 2871 C
571 2861 603 2865 -—
616 2853 659 2879 31.
674 2847 729 2871 ruit
740 2854 787 2871 om.
801 2846 829 2871 P
842 2859 872 2863 —
887 2853 929 2878 33.
944 2844 1105 2870 Citarizant
1120 2847 1143 2871 C
1154 2859 1187 2864 -
1201 2854 1242 2879 34.
1257 2845 1325 2880 itur]
1339 2855 1407 2880 ergo
1420 2848 1448 2872 P
1470 2862 1491 2864 —
1507 2854 1549 2879 40.
1564 2847 1793 2881 resplendescunt
1809 2847 1832 2871 C
1844 2860 1875 2864 —
1895 2853 1937 2878 41.
1956 2842 2037 2879 echo]
2056 2851 2142 2877 aeque
2154 2843 2183 2869 Ρ

2253 2749 2261 2788 z

2245 2797 2260 2844 3

2245 2857 2259 2884 *l

2253 2911 2259 2933 l

428 2932 435 2948 ¹
450 2935 559 2967 Judica,
580 2936 677 2960 antico
696 2935 815 2960 castello
836 2934 910 2959 nelle
925 2933 1073 2959 adiacenze
1087 2934 1117 2958 dl
1131 2935 1228 2960 Calta-
1282 2936 1338 2968 (ma
1357 2936 1445 2961 anche
1471 2937 1635 2967 Trapanum‚
1654 2943 1734 2960 come
1747 2935 1854 2960 risulta
1867 2935 1914 2959 dni
1927 2934 2009 2959 codd.
2022 2934 2050 2959 B
2061 2934 2091 2959 D
2103 2932 2180 2958 nella
2208 2914 2259 2962 τ’ἱῖθ

340 2976 459 3008 girone;
477 2978 553 3002 arab.
579 2978 702 3003 Giud-ka.
740 2977 785 3002 Cf.
804 2977 908 3008 Pmao,
926 2975 961 3005 11,
984 2982 1059 3001 1012.
1283 2978 1394 3003 rubrica
1414 2986 1428 3002 e
1448 2978 1523 3003 nella
1543 2976 1648 3011 prosa),
1668 2977 1865 3002 latinizzando
1885 2975 1943 3001 cosi
1964 2976 1992 3000 la
2004 2983 2076 3000 voce
2094 2974 2179 3000 araba
2252 2957 2259 3014 i

428 3015 440 3033 ²
457 3018 480 3042 11
499 3018 655 3043 Malaterra
667 3020 790 3052 adopera
803 3019 853 3050 qul
870 3019 984 3044 Trablas
1002 3032 1031 3037 -—
1046 3018 1172 3052 Trapsni
1192 3033 1229 3048 -‚
1291 3020 1412 3045 Trabolis
1431 3021 1488 3053 (ma
1508 3020 1596 3044 anche
1623 3019 1776 3045 Tardbanix
1794 3027 1808 3044 e
1830 3017 1996 3051 Itrabanu’x).
2233 3017 2235 3023 ⁴
2252 3036 2255 3037 ν

2234 3066 2258 3119 -i

2243 3121 2272 3155 ,ξι
