<?xml version="1.0" encoding="UTF-8"?>
<!DOCTYPE html PUBLIC "-//W3C//DTD XHTML 1.0 Transitional//EN"
    "http://www.w3.org/TR/xhtml1/DTD/xhtml1-transitional.dtd">
<html xmlns="http://www.w3.org/1999/xhtml" xml:lang="en" lang="en">
 <head>
  <title>
</title>
<meta http-equiv="Content-Type" content="text/html;charset=utf-8" />
  <meta name='ocr-system' content='tesseract 3.04.00' />
  <meta name='ocr-capabilities' content='ocr_page ocr_carea ocr_par ocr_line ocrx_word'/>
</head>
<body>
  <div class='ocr_page' id='page_1' title='image "./rerumitalicarums51murauoft_0146.png"; bbox 0 0 2314 3418; ppageno 0'>
   <div class='ocr_carea' id='block_1_1' title="bbox 355 230 2196 276">
    <p class='ocr_par' dir='ltr' id='par_1_1' title="bbox 355 230 2196 276">
     <span class='ocr_line' id='line_1_1' title="bbox 355 230 2196 276; baseline 0 -9"><span class='ocrx_word' id='word_1_1' title='bbox 355 232 400 268; x_wconf 83' lang='lat'><strong>58</strong></span> <span class='ocrx_word' id='word_1_2' title='bbox 930 231 1208 267; x_wconf 79' lang='lat' dir='ltr'><strong>GAUFREDI</strong></span> <span class='ocrx_word' id='word_1_3' title='bbox 1238 230 1615 267; x_wconf 87' lang='lat' dir='ltr'>MALATERRAE</span> <span class='ocrx_word' id='word_1_4' title='bbox 2031 238 2081 274; x_wconf 83' lang='lat' dir='ltr'><strong>[A.</strong></span> <span class='ocrx_word' id='word_1_5' title='bbox 2103 240 2196 276; x_wconf 68' lang='lat'><strong>10⁷3]</strong></span> 
     </span>
    </p>
   </div>
   <div class='ocr_carea' id='block_1_2' title="bbox 345 352 2313 971">
    <p class='ocr_par' dir='ltr' id='par_1_2' title="bbox 345 352 2313 971">
     <span class='ocr_line' id='line_1_2' title="bbox 439 352 2193 397; baseline 0.002 -11"><span class='ocrx_word' id='word_1_6' title='bbox 439 354 481 387; x_wconf 88' lang='grc' dir='ltr'><strong>ΙΙ.</strong></span> <span class='ocrx_word' id='word_1_7' title='bbox 506 372 548 378; x_wconf 94' lang='grc'>-</span> <span class='ocrx_word' id='word_1_8' title='bbox 573 353 729 387; x_wconf 79' lang='lat' dir='ltr'><strong>Gisulfus</strong></span> <span class='ocrx_word' id='word_1_9' title='bbox 752 364 848 396; x_wconf 89' lang='lat' dir='ltr'><strong>ergo,</strong></span> <span class='ocrx_word' id='word_1_10' title='bbox 873 352 1112 386; x_wconf 85' lang='lat' dir='ltr'><strong>Salernitanus</strong></span> <span class='ocrx_word' id='word_1_11' title='bbox 1133 352 1310 395; x_wconf 90' lang='lat' dir='ltr'><strong>princeps,</strong></span> <span class='ocrx_word' id='word_1_12' title='bbox 1333 353 1443 385; x_wconf 79' lang='lat' dir='ltr'><strong>frater</strong></span> <span class='ocrx_word' id='word_1_13' title='bbox 1466 352 1699 397; x_wconf 85' lang='lat' dir='ltr'><strong>Sigelgaytae‚</strong></span> <span class='ocrx_word' id='word_1_14' title='bbox 1726 355 1840 388; x_wconf 83' lang='lat' dir='ltr'><strong>uxoris</strong></span> <span class='ocrx_word' id='word_1_15' title='bbox 1871 355 2053 389; x_wconf 87' lang='lat' dir='ltr'><strong>Guiscardi</strong></span> <span class='ocrx_word' id='word_1_16' title='bbox 2085 356 2193 396; x_wconf 86' lang='lat' dir='ltr'><strong>ducis,</strong></span> 
     </span>
     <span class='ocr_line' id='line_1_3' title="bbox 351 404 2194 452; baseline 0.002 -13"><span class='ocrx_word' id='word_1_17' title='bbox 351 417 468 440; x_wconf 88' lang='lat' dir='ltr'><strong>omnes</strong></span> <span class='ocrx_word' id='word_1_18' title='bbox 491 406 677 439; x_wconf 84' lang='lat' dir='ltr'><strong>maritimos</strong></span> <span class='ocrx_word' id='word_1_19' title='bbox 699 407 784 438; x_wconf 85' lang='lat' dir='ltr'><strong>fines</strong></span> <span class='ocrx_word' id='word_1_20' title='bbox 807 417 827 438; x_wconf 90' lang='lat' dir='ltr'><strong>a</strong></span> <span class='ocrx_word' id='word_1_21' title='bbox 850 406 995 439; x_wconf 88' lang='lat' dir='ltr'><strong>Salerno</strong></span> <span class='ocrx_word' id='word_1_22' title='bbox 1019 415 1127 448; x_wconf 91' lang='lat' dir='ltr'><strong>usque</strong></span> <span class='ocrx_word' id='word_1_23' title='bbox 1152 406 1197 438; x_wconf 89' lang='lat' dir='ltr'><strong>ad</strong></span> <span class='ocrx_word' id='word_1_24' title='bbox 1220 410 1368 447; x_wconf 88' lang='lat' dir='ltr'><strong>portum,</strong></span> <span class='ocrx_word' id='word_1_25' title='bbox 1392 405 1451 448; x_wconf 90' lang='lat' dir='ltr'><strong>qui</strong></span> <span class='ocrx_word' id='word_1_26' title='bbox 1474 405 1556 446; x_wconf 63' lang='lat' dir='ltr'><strong>Fici</strong></span> <span class='ocrx_word' id='word_1_27' title='bbox 1576 404 1713 446; x_wconf 91' lang='lat' dir='ltr'><strong>dicitur,</strong></span> <span class='ocrx_word' id='word_1_28' title='bbox 1735 404 1955 452; x_wconf 85' lang='lat' dir='ltr'><strong>Arecumque</strong></span> <span class='ocrx_word' id='word_1_29' title='bbox 1980 415 2015 442; x_wconf 91' lang='lat' dir='ltr'><strong>et</strong></span> <span class='ocrx_word' id='word_1_30' title='bbox 2032 408 2194 442; x_wconf 82' lang='lat' dir='ltr'><strong>Sanctam</strong></span> 
     </span>
     <span class='ocr_line' id='line_1_4' title="bbox 352 457 2194 502; baseline 0.002 -11"><span class='ocrx_word' id='word_1_31' title='bbox 352 458 594 502; x_wconf 86' lang='lat' dir='ltr'><strong>Euphemiam¹</strong></span> <span class='ocrx_word' id='word_1_32' title='bbox 612 459 663 491; x_wconf 92' lang='lat' dir='ltr'><strong>sui</strong></span> <span class='ocrx_word' id='word_1_33' title='bbox 679 459 763 502; x_wconf 84' lang='lat' dir='ltr'><strong>juris</strong></span> <span class='ocrx_word' id='word_1_34' title='bbox 779 469 852 491; x_wconf 88' lang='lat' dir='ltr'><strong>esse</strong></span> <span class='ocrx_word' id='word_1_35' title='bbox 869 459 998 497; x_wconf 89' lang='lat' dir='ltr'><strong>volens,</strong></span> <span class='ocrx_word' id='word_1_36' title='bbox 1015 464 1050 490; x_wconf 90' lang='lat' dir='ltr'><strong>et</strong></span> <span class='ocrx_word' id='word_1_37' title='bbox 1064 464 1196 500; x_wconf 86' lang='lat' dir='ltr'><strong>partem</strong></span> <span class='ocrx_word' id='word_1_38' title='bbox 1214 469 1234 490; x_wconf 92' lang='lat' dir='ltr'><strong>a</strong></span> <span class='ocrx_word' id='word_1_39' title='bbox 1251 457 1443 490; x_wconf 88' lang='lat' dir='ltr'><strong>Guiscardo</strong></span> <span class='ocrx_word' id='word_1_40' title='bbox 1460 458 1579 490; x_wconf 86' lang='lat' dir='ltr'><strong>diatim</strong></span> <span class='ocrx_word' id='word_1_41' title='bbox 1595 459 1739 501; x_wconf 84' lang='lat' dir='ltr'><strong>pervadi</strong></span> <span class='ocrx_word' id='word_1_42' title='bbox 1755 460 1910 500; x_wconf 81' lang='lat' dir='ltr'><strong>audiens,</strong></span> <span class='ocrx_word' id='word_1_43' title='bbox 1926 471 2045 494; x_wconf 87' lang='lat' dir='ltr'><strong>versus</strong></span> <span class='ocrx_word' id='word_1_44' title='bbox 2069 462 2194 495; x_wconf 87' lang='lat' dir='ltr'><strong>ducem</strong></span> 
     </span>
     <span class='ocr_line' id='line_1_5' title="bbox 350 510 2313 558; baseline 0.002 -13"><span class='ocrx_word' id='word_1_45' title='bbox 350 513 550 545; x_wconf 79' lang='lat' dir='ltr'>inimicitias</span> <span class='ocrx_word' id='word_1_46' title='bbox 572 511 714 556; x_wconf 81' lang='lat' dir='ltr'><strong>injecit:</strong></span> <span class='ocrx_word' id='word_1_47' title='bbox 744 522 930 555; x_wconf 90' lang='lat' dir='ltr'><strong>omnesque</strong></span> <span class='ocrx_word' id='word_1_48' title='bbox 961 511 994 543; x_wconf 92' lang='lat' dir='ltr'><strong>ei</strong></span> <span class='ocrx_word' id='word_1_49' title='bbox 1026 510 1264 549; x_wconf 84' lang='lat' dir='ltr'><strong>adhaerentes,</strong></span> <span class='ocrx_word' id='word_1_50' title='bbox 1297 521 1382 553; x_wconf 90' lang='lat' dir='ltr'><strong>quos</strong></span> <span class='ocrx_word' id='word_1_51' title='bbox 1413 521 1540 553; x_wconf 90' lang='lat' dir='ltr'><strong>capere</strong></span> <span class='ocrx_word' id='word_1_52' title='bbox 1571 518 1717 554; x_wconf 88' lang='lat' dir='ltr'><strong>poterat,</strong></span> <span class='ocrx_word' id='word_1_53' title='bbox 1747 514 1963 547; x_wconf 89' lang='lat' dir='ltr'><strong>contumeliis</strong></span> <span class='ocrx_word' id='word_1_54' title='bbox 1993 515 2194 558; x_wconf 78' lang='lat' dir='ltr'><strong>deturpans,</strong></span> <span class='ocrx_word' id='word_1_55' title='bbox 2281 555 2283 558; x_wconf 25' lang='lat'><strong><em>¹</em></strong></span> <span class='ocrx_word' id='word_1_56' title='bbox 2312 553 2313 556; x_wconf 11' lang='grc' dir='ltr'><strong>Ἴ</strong></span> 
     </span>
     <span class='ocr_line' id='line_1_6' title="bbox 350 563 2278 610; baseline 0.002 -12"><span class='ocrx_word' id='word_1_57' title='bbox 350 571 488 598; x_wconf 84' lang='lat' dir='ltr'><strong>nostrae</strong></span> <span class='ocrx_word' id='word_1_58' title='bbox 511 565 606 610; x_wconf 87' lang='lat' dir='ltr'><strong>genti</strong></span> <span class='ocrx_word' id='word_1_59' title='bbox 628 575 702 596; x_wconf 88' lang='lat' dir='ltr'><strong>sese</strong></span> <span class='ocrx_word' id='word_1_60' title='bbox 725 564 898 597; x_wconf 87' lang='lat' dir='ltr'><strong>inimicari</strong></span> <span class='ocrx_word' id='word_1_61' title='bbox 920 574 990 597; x_wconf 90' lang='lat' dir='ltr'><strong>non</strong></span> <span class='ocrx_word' id='word_1_62' title='bbox 1019 563 1265 597; x_wconf 82' lang='lat' dir='ltr'><strong>abscondebat.</strong></span> <span class='ocrx_word' id='word_1_63' title='bbox 1311 564 1391 596; x_wconf 85' lang='lat' dir='ltr'><strong>Dux</strong></span> <span class='ocrx_word' id='word_1_64' title='bbox 1423 570 1536 597; x_wconf 90' lang='lat' dir='ltr'><strong>autem</strong></span> <span class='ocrx_word' id='word_1_65' title='bbox 1569 565 1790 605; x_wconf 87' lang='lat' dir='ltr'><strong>Guiscardus,</strong></span> <span class='ocrx_word' id='word_1_66' title='bbox 1821 567 1880 610; x_wconf 89' lang='lat' dir='ltr'><strong>qui</strong></span> <span class='ocrx_word' id='word_1_67' title='bbox 1910 568 2095 601; x_wconf 79' lang='lat' dir='ltr'>amicitiam</span> <span class='ocrx_word' id='word_1_68' title='bbox 2126 568 2193 602; x_wconf 91' lang='lat' dir='ltr'><strong>sibi</strong></span> <span class='ocrx_word' id='word_1_69' title='bbox 2238 567 2278 602; x_wconf 98' lang='grc'><strong>5</strong></span> 
     </span>
     <span class='ocr_line' id='line_1_7' title="bbox 350 614 2284 664; baseline 0.003 -14"><span class='ocrx_word' id='word_1_70' title='bbox 350 618 562 662; x_wconf 81' lang='lat' dir='ltr'><strong>promiserat,</strong></span> <span class='ocrx_word' id='word_1_71' title='bbox 586 619 731 660; x_wconf 90' lang='lat' dir='ltr'><strong>primum</strong></span> <span class='ocrx_word' id='word_1_72' title='bbox 756 617 895 660; x_wconf 89' lang='lat' dir='ltr'><strong>quidem</strong></span> <span class='ocrx_word' id='word_1_73' title='bbox 918 617 1093 660; x_wconf 85' lang='lat' dir='ltr'><strong>patienter</strong></span> <span class='ocrx_word' id='word_1_74' title='bbox 1115 617 1244 656; x_wconf 76' lang='lat' dir='ltr'><strong>ferens,</strong></span> <span class='ocrx_word' id='word_1_75' title='bbox 1267 617 1390 661; x_wconf 84' lang='lat' dir='ltr'><strong>legatis</strong></span> <span class='ocrx_word' id='word_1_76' title='bbox 1413 617 1471 656; x_wconf 86' lang='lat' dir='ltr'><strong>ait,</strong></span> <span class='ocrx_word' id='word_1_77' title='bbox 1494 623 1532 650; x_wconf 90' lang='lat' dir='ltr'><strong>ut</strong></span> <span class='ocrx_word' id='word_1_78' title='bbox 1555 617 1599 650; x_wconf 84' lang='lat' dir='ltr'><strong>ab</strong></span> <span class='ocrx_word' id='word_1_79' title='bbox 1622 617 1698 660; x_wconf 87' lang='lat' dir='ltr'><strong>ipso</strong></span> <span class='ocrx_word' id='word_1_80' title='bbox 1713 619 1877 662; x_wconf 89' lang='lat' dir='ltr'><strong>incoepto</strong></span> <span class='ocrx_word' id='word_1_81' title='bbox 1892 621 2084 664; x_wconf 78' lang='lat' dir='ltr'><strong>resipiscat,</strong></span> <span class='ocrx_word' id='word_1_82' title='bbox 2107 631 2193 655; x_wconf 90' lang='lat' dir='ltr'><strong>con-</strong></span> <span class='ocrx_word' id='word_1_83' title='bbox 2283 614 2284 617; x_wconf 26' lang='lat'>¹</span> 
     </span>
     <span class='ocr_line' id='line_1_8' title="bbox 349 669 2190 714; baseline 0.003 -11"><span class='ocrx_word' id='word_1_84' title='bbox 349 672 476 704; x_wconf 87' lang='lat' dir='ltr'><strong>venire.</strong></span> <span class='ocrx_word' id='word_1_85' title='bbox 523 672 581 711; x_wconf 91' lang='lat' dir='ltr'><strong>At,</strong></span> <span class='ocrx_word' id='word_1_86' title='bbox 604 670 662 702; x_wconf 88' lang='lat' dir='ltr'><strong>ubi</strong></span> <span class='ocrx_word' id='word_1_87' title='bbox 686 671 782 703; x_wconf 87' lang='lat' dir='ltr'><strong>videt</strong></span> <span class='ocrx_word' id='word_1_88' title='bbox 804 676 1012 712; x_wconf 87' lang='lat' dir='ltr'><strong>conceptam</strong></span> <span class='ocrx_word' id='word_1_89' title='bbox 1035 669 1151 702; x_wconf 88' lang='lat' dir='ltr'><strong>animo</strong></span> <span class='ocrx_word' id='word_1_90' title='bbox 1174 670 1344 712; x_wconf 88' lang='lat' dir='ltr'><strong>principis</strong></span> <span class='ocrx_word' id='word_1_91' title='bbox 1365 670 1542 708; x_wconf 85' lang='lat' dir='ltr'><strong>malitiam,</strong></span> <span class='ocrx_word' id='word_1_92' title='bbox 1566 678 1696 714; x_wconf 89' lang='lat' dir='ltr'><strong>quanto</strong></span> <span class='ocrx_word' id='word_1_93' title='bbox 1718 671 1795 714; x_wconf 91' lang='lat' dir='ltr'><strong>plus</strong></span> <span class='ocrx_word' id='word_1_94' title='bbox 1818 673 1926 707; x_wconf 88' lang='lat' dir='ltr'><strong>lenire</strong></span> <span class='ocrx_word' id='word_1_95' title='bbox 1948 674 2115 714; x_wconf 83' lang='lat' dir='ltr'><strong>tentabat,</strong></span> <span class='ocrx_word' id='word_1_96' title='bbox 2146 684 2190 708; x_wconf 88' lang='lat' dir='ltr'><strong>eo</strong></span> 
     </span>
     <span class='ocr_line' id='line_1_9' title="bbox 347 723 2191 766; baseline 0.003 -10"><span class='ocrx_word' id='word_1_97' title='bbox 347 724 492 766; x_wconf 87' lang='lat' dir='ltr'><strong>amplius</strong></span> <span class='ocrx_word' id='word_1_98' title='bbox 515 724 549 756; x_wconf 91' lang='lat' dir='ltr'><strong>in</strong></span> <span class='ocrx_word' id='word_1_99' title='bbox 573 724 724 756; x_wconf 90' lang='lat' dir='ltr'><strong>deterius</strong></span> <span class='ocrx_word' id='word_1_100' title='bbox 748 733 960 763; x_wconf 85' lang='lat' dir='ltr'><strong>excrescere,</strong></span> <span class='ocrx_word' id='word_1_101' title='bbox 983 724 1139 761; x_wconf 81' lang='lat' dir='ltr'><strong>foedere,</strong></span> <span class='ocrx_word' id='word_1_102' title='bbox 1163 724 1258 766; x_wconf 93' lang='lat' dir='ltr'><strong>quod</strong></span> <span class='ocrx_word' id='word_1_103' title='bbox 1281 723 1370 755; x_wconf 88' lang='lat' dir='ltr'><strong>inter</strong></span> <span class='ocrx_word' id='word_1_104' title='bbox 1389 733 1450 756; x_wconf 89' lang='lat' dir='ltr'><strong>eos</strong></span> <span class='ocrx_word' id='word_1_105' title='bbox 1465 729 1551 762; x_wconf 85' lang='lat' dir='ltr'><strong>erat,</strong></span> <span class='ocrx_word' id='word_1_106' title='bbox 1567 724 1785 763; x_wconf 82' lang='lat' dir='ltr'><strong>renunciate,</strong></span> <span class='ocrx_word' id='word_1_107' title='bbox 1799 725 1992 759; x_wconf 78' lang='lat' dir='ltr'><strong>inimicanti</strong></span> <span class='ocrx_word' id='word_1_108' title='bbox 2007 727 2072 761; x_wconf 85' lang='lat' dir='ltr'><strong>sibi</strong></span> <span class='ocrx_word' id='word_1_109' title='bbox 2087 727 2191 761; x_wconf 84' lang='lat' dir='ltr'><strong>etiam</strong></span> 
     </span>
     <span class='ocr_line' id='line_1_10' title="bbox 347 776 2194 822; baseline 0.003 -12"><span class='ocrx_word' id='word_1_110' title='bbox 347 779 420 820; x_wconf 86' lang='lat' dir='ltr'><strong>ipse</strong></span> <span class='ocrx_word' id='word_1_111' title='bbox 444 777 652 811; x_wconf 86' lang='lat' dir='ltr'><strong>insedabiles</strong></span> <span class='ocrx_word' id='word_1_112' title='bbox 675 777 872 810; x_wconf 86' lang='lat' dir='ltr'><strong>inimicitias</strong></span> <span class='ocrx_word' id='word_1_113' title='bbox 894 783 1003 819; x_wconf 84' lang='lat' dir='ltr'><strong>parat</strong></span> <span class='ocrx_word' id='word_1_114' title='bbox 1050 776 1121 809; x_wconf 89' lang='lat' dir='ltr'><strong>Sed</strong></span> <span class='ocrx_word' id='word_1_115' title='bbox 1145 777 1226 819; x_wconf 90' lang='lat' dir='ltr'><strong>quia</strong></span> <span class='ocrx_word' id='word_1_116' title='bbox 1248 777 1338 809; x_wconf 87' lang='lat' dir='ltr'><strong>inter</strong></span> <span class='ocrx_word' id='word_1_117' title='bbox 1360 787 1396 809; x_wconf 87' lang='lat' dir='ltr'><strong>se</strong></span> <span class='ocrx_word' id='word_1_118' title='bbox 1421 783 1455 810; x_wconf 92' lang='lat' dir='ltr'><strong>et</strong></span> <span class='ocrx_word' id='word_1_119' title='bbox 1470 777 1673 817; x_wconf 86' lang='lat' dir='ltr'><strong>Ricardum,</strong></span> <span class='ocrx_word' id='word_1_120' title='bbox 1688 778 1883 822; x_wconf 87' lang='lat' dir='ltr'><strong>principem</strong></span> <span class='ocrx_word' id='word_1_121' title='bbox 1898 779 2088 820; x_wconf 84' lang='lat' dir='ltr'><strong>Aversae,&#39;</strong></span> <span class='ocrx_word' id='word_1_122' title='bbox 2079 781 2194 814; x_wconf 83' lang='lat' dir='ltr'><strong>inimi-</strong></span> 
     </span>
     <span class='ocr_line' id='line_1_11' title="bbox 349 829 2269 878; baseline 0.002 -14"><span class='ocrx_word' id='word_1_123' title='bbox 349 832 452 864; x_wconf 87' lang='lat' dir='ltr'><strong>citiae</strong></span> <span class='ocrx_word' id='word_1_124' title='bbox 476 830 751 870; x_wconf 80' lang='lat' dir='ltr'><strong>efferbuerant‚&#39;</strong></span> <span class='ocrx_word' id='word_1_125' title='bbox 760 831 887 863; x_wconf 87' lang='lat' dir='ltr'><strong>veritus</strong></span> <span class='ocrx_word' id='word_1_126' title='bbox 911 841 954 862; x_wconf 90' lang='lat' dir='ltr'><strong>ne</strong></span> <span class='ocrx_word' id='word_1_127' title='bbox 980 830 1022 863; x_wconf 91' lang='lat' dir='ltr'><strong>ab</strong></span> <span class='ocrx_word' id='word_1_128' title='bbox 1045 831 1120 872; x_wconf 91' lang='lat' dir='ltr'><strong>ipso</strong></span> <span class='ocrx_word' id='word_1_129' title='bbox 1145 829 1284 863; x_wconf 79' lang='lat' dir='ltr'><strong>Gisulfo</strong></span> <span class='ocrx_word' id='word_1_130' title='bbox 1307 830 1491 862; x_wconf 81' lang='lat' dir='ltr'><strong>adversum</strong></span> <span class='ocrx_word' id='word_1_131' title='bbox 1514 841 1550 864; x_wconf 88' lang='lat' dir='ltr'><strong>se</strong></span> <span class='ocrx_word' id='word_1_132' title='bbox 1574 838 1846 870; x_wconf 87' lang='lat' dir='ltr'><strong>succurreretur,</strong></span> <span class='ocrx_word' id='word_1_133' title='bbox 1869 842 1991 874; x_wconf 84' lang='lat' dir='ltr'><strong>pacem</strong></span> <span class='ocrx_word' id='word_1_134' title='bbox 2015 843 2093 866; x_wconf 88' lang='lat' dir='ltr'><strong>cum</strong></span> <span class='ocrx_word' id='word_1_135' title='bbox 2114 835 2191 878; x_wconf 85' lang='lat' dir='ltr'><strong>ipso</strong></span> <span class='ocrx_word' id='word_1_136' title='bbox 2217 831 2269 871; x_wconf 87' lang='grc'><strong>10</strong></span> 
     </span>
     <span class='ocr_line' id='line_1_12' title="bbox 345 883 2263 928; baseline 0.003 -12"><span class='ocrx_word' id='word_1_137' title='bbox 345 884 452 917; x_wconf 86' lang='lat' dir='ltr'><strong>fecit:</strong></span> <span class='ocrx_word' id='word_1_138' title='bbox 477 895 545 927; x_wconf 91' lang='lat' dir='ltr'><strong>quo</strong></span> <span class='ocrx_word' id='word_1_139' title='bbox 569 885 605 916; x_wconf 88' lang='lat' dir='ltr'><strong>in</strong></span> <span class='ocrx_word' id='word_1_140' title='bbox 628 884 678 917; x_wconf 86' lang='lat' dir='ltr'><strong>sui</strong></span> <span class='ocrx_word' id='word_1_141' title='bbox 703 884 912 928; x_wconf 80' lang='lat' dir='ltr'><strong>adjutorium</strong></span> <span class='ocrx_word' id='word_1_142' title='bbox 936 883 1141 927; x_wconf 88' lang='lat' dir='ltr'><strong>quibusdam</strong></span> <span class='ocrx_word' id='word_1_143' title='bbox 1164 883 1384 926; x_wconf 88' lang='lat' dir='ltr'><strong>pactionibus</strong></span> <span class='ocrx_word' id='word_1_144' title='bbox 1408 884 1593 923; x_wconf 87' lang='lat' dir='ltr'><strong>conducto,</strong></span> <span class='ocrx_word' id='word_1_145' title='bbox 1616 883 1798 917; x_wconf 90' lang='lat' dir='ltr'><strong>Salernum</strong></span> <span class='ocrx_word' id='word_1_146' title='bbox 1821 884 1936 918; x_wconf 85' lang='lat' dir='ltr'><strong>multis</strong></span> <span class='ocrx_word' id='word_1_147' title='bbox 1951 886 2060 928; x_wconf 85' lang='lat' dir='ltr'><strong>copiis</strong></span> <span class='ocrx_word' id='word_1_148' title='bbox 2075 887 2193 921; x_wconf 81' lang='lat' dir='ltr'><strong>obses·</strong></span> <span class='ocrx_word' id='word_1_149' title='bbox 2261 883 2263 886; x_wconf 61' lang='grc'>’</span> 
     </span>
     <span class='ocr_line' id='line_1_13' title="bbox 348 938 552 971; baseline -0.005 0"><span class='ocrx_word' id='word_1_150' title='bbox 348 949 420 971; x_wconf 93' lang='lat' dir='ltr'><strong>sum</strong></span> <span class='ocrx_word' id='word_1_151' title='bbox 444 938 552 971; x_wconf 85' lang='lat' dir='ltr'><strong>vadit.</strong></span> 
     </span>
    </p>
   </div>
   <div class='ocr_carea' id='block_1_3' title="bbox 2232 0 2314 1216">
    <p class='ocr_par' dir='ltr' id='par_1_3' title="bbox 2232 0 2314 1216">
     <span class='ocr_line' id='line_1_14' title="bbox 2232 0 2314 1216; baseline 0 0"><span class='ocrx_word' id='word_1_152' title='bbox 2232 0 2314 1216; x_wconf 95' lang='lat' dir='ltr'><strong>    </strong></span> 
     </span>
    </p>
   </div>
   <div class='ocr_carea' id='block_1_4' title="bbox 189 842 274 864">
    <p class='ocr_par' dir='ltr' id='par_1_4' title="bbox 189 842 274 864">
     <span class='ocr_line' id='line_1_15' title="bbox 189 842 274 864; baseline 0 -3"><span class='ocrx_word' id='word_1_153' title='bbox 189 842 274 864; x_wconf 61' lang='lat' dir='ltr'><strong>der</strong></span> 
     </span>
    </p>
   </div>
   <div class='ocr_carea' id='block_1_5' title="bbox 345 1042 2314 1620">
    <p class='ocr_par' dir='ltr' id='par_1_5' title="bbox 347 1042 2314 1353">
     <span class='ocr_line' id='line_1_16' title="bbox 438 1042 2251 1090; baseline 0.002 -13"><span class='ocrx_word' id='word_1_154' title='bbox 438 1045 498 1078; x_wconf 89' lang='grc' dir='ltr'><strong>ΙΙΙ.</strong></span> <span class='ocrx_word' id='word_1_155' title='bbox 523 1063 563 1068; x_wconf 87' lang='lat'><strong>-—</strong></span> <span class='ocrx_word' id='word_1_156' title='bbox 587 1044 756 1077; x_wconf 88' lang='lat' dir='ltr'><strong>Malfitani</strong></span> <span class='ocrx_word' id='word_1_157' title='bbox 781 1055 866 1077; x_wconf 90' lang='lat' dir='ltr'><strong>vero</strong></span> <span class='ocrx_word' id='word_1_158' title='bbox 891 1044 1062 1077; x_wconf 82' lang='lat' dir='ltr'><strong>Gisulfum</strong></span> <span class='ocrx_word' id='word_1_159' title='bbox 1087 1053 1227 1076; x_wconf 87' lang='lat' dir='ltr'><strong>exosum</strong></span> <span class='ocrx_word' id='word_1_160' title='bbox 1250 1042 1417 1076; x_wconf 90' lang='lat' dir='ltr'><strong>habentes</strong></span> <span class='ocrx_word' id='word_1_161' title='bbox 1442 1062 1483 1067; x_wconf 92' lang='lat'>—</span> <span class='ocrx_word' id='word_1_162' title='bbox 1506 1043 1676 1077; x_wconf 86' lang='lat' dir='ltr'><strong>timebant</strong></span> <span class='ocrx_word' id='word_1_163' title='bbox 1699 1045 1828 1089; x_wconf 89' lang='lat' dir='ltr'><strong>quippe</strong></span> <span class='ocrx_word' id='word_1_164' title='bbox 1851 1045 1896 1078; x_wconf 86' lang='lat' dir='ltr'><strong>ab</strong></span> <span class='ocrx_word' id='word_1_165' title='bbox 1919 1045 1995 1089; x_wconf 88' lang='lat' dir='ltr'><strong>ipso</strong></span> <span class='ocrx_word' id='word_1_166' title='bbox 2010 1046 2135 1090; x_wconf 82' lang='lat' dir='ltr'><strong>puniri,</strong></span> <span class='ocrx_word' id='word_1_167' title='bbox 2149 1057 2192 1081; x_wconf 81' lang='lat' dir='ltr'><strong>eo</strong></span> <span class='ocrx_word' id='word_1_168' title='bbox 2249 1083 2251 1087; x_wconf 67' lang='grc'><em>,</em></span> 
     </span>
     <span class='ocr_line' id='line_1_17' title="bbox 348 1095 2254 1146; baseline 0.001 -15"><span class='ocrx_word' id='word_1_169' title='bbox 348 1100 443 1142; x_wconf 92' lang='lat' dir='ltr'><strong>quod</strong></span> <span class='ocrx_word' id='word_1_170' title='bbox 465 1099 707 1131; x_wconf 79' lang='lat' dir='ltr'><strong>interfectores</strong></span> <span class='ocrx_word' id='word_1_171' title='bbox 730 1098 835 1140; x_wconf 86' lang='lat' dir='ltr'><strong>patris</strong></span> <span class='ocrx_word' id='word_1_172' title='bbox 858 1098 964 1140; x_wconf 88' lang='lat' dir='ltr'><strong>ipsius</strong></span> <span class='ocrx_word' id='word_1_173' title='bbox 976 1097 998 1135; x_wconf 77' lang='lat'><strong>²,</strong></span> <span class='ocrx_word' id='word_1_174' title='bbox 1022 1097 1102 1129; x_wconf 91' lang='lat' dir='ltr'><strong>dum</strong></span> <span class='ocrx_word' id='word_1_175' title='bbox 1126 1107 1186 1129; x_wconf 87' lang='lat' dir='ltr'><strong>eos</strong></span> <span class='ocrx_word' id='word_1_176' title='bbox 1209 1096 1254 1129; x_wconf 86' lang='lat' dir='ltr'><strong>ad</strong></span> <span class='ocrx_word' id='word_1_177' title='bbox 1278 1095 1531 1140; x_wconf 84' lang='lat' dir='ltr'><strong>subjugandum</strong></span> <span class='ocrx_word' id='word_1_178' title='bbox 1555 1097 1622 1130; x_wconf 85' lang='lat' dir='ltr'><strong>sibi</strong></span> <span class='ocrx_word' id='word_1_179' title='bbox 1643 1098 1875 1142; x_wconf 82' lang='lat' dir='ltr'><strong>impugnaret,</strong></span> <span class='ocrx_word' id='word_1_180' title='bbox 1897 1099 2100 1132; x_wconf 84' lang='lat' dir='ltr'><strong>exstiterant</strong></span> <span class='ocrx_word' id='word_1_181' title='bbox 2114 1117 2156 1124; x_wconf 89' lang='lat'>-</span> <span class='ocrx_word' id='word_1_182' title='bbox 2173 1110 2195 1133; x_wconf 80' lang='lat' dir='ltr'><strong>a</strong></span> <span class='ocrx_word' id='word_1_183' title='bbox 2246 1131 2254 1146; x_wconf 27' lang='grc' dir='ltr'><strong>ζ,</strong></span> 
     </span>
     <span class='ocr_line' id='line_1_18' title="bbox 348 1149 2314 1196; baseline 0.002 -12"><span class='ocrx_word' id='word_1_184' title='bbox 348 1152 437 1184; x_wconf 90' lang='lat' dir='ltr'><strong>duce</strong></span> <span class='ocrx_word' id='word_1_185' title='bbox 461 1151 603 1190; x_wconf 86' lang='lat' dir='ltr'><strong>invitati,</strong></span> <span class='ocrx_word' id='word_1_186' title='bbox 627 1157 663 1183; x_wconf 89' lang='lat' dir='ltr'><strong>ut</strong></span> <span class='ocrx_word' id='word_1_187' title='bbox 686 1151 751 1183; x_wconf 89' lang='lat' dir='ltr'><strong>sibi</strong></span> <span class='ocrx_word' id='word_1_188' title='bbox 775 1152 819 1183; x_wconf 87' lang='lat' dir='ltr'><strong>ad</strong></span> <span class='ocrx_word' id='word_1_189' title='bbox 843 1149 1068 1183; x_wconf 90' lang='lat' dir='ltr'><strong>obsidendam</strong></span> <span class='ocrx_word' id='word_1_190' title='bbox 1091 1149 1210 1182; x_wconf 90' lang='lat' dir='ltr'><strong>urbem</strong></span> <span class='ocrx_word' id='word_1_191' title='bbox 1234 1149 1374 1192; x_wconf 85' lang='lat' dir='ltr'><strong>navigio</strong></span> <span class='ocrx_word' id='word_1_192' title='bbox 1397 1150 1572 1182; x_wconf 88' lang='lat' dir='ltr'><strong>servitium</strong></span> <span class='ocrx_word' id='word_1_193' title='bbox 1595 1151 1747 1190; x_wconf 86' lang='lat' dir='ltr'><strong>veniant,</strong></span> <span class='ocrx_word' id='word_1_194' title='bbox 1769 1152 1984 1194; x_wconf 91' lang='lat' dir='ltr'><strong>potentiores</strong></span> <span class='ocrx_word' id='word_1_195' title='bbox 2000 1151 2083 1186; x_wconf 88' lang='lat' dir='ltr'><strong>duci</strong></span> <span class='ocrx_word' id='word_1_196' title='bbox 2097 1151 2194 1186; x_wconf 83' lang='lat' dir='ltr'><strong>locu-</strong></span> <span class='ocrx_word' id='word_1_197' title='bbox 2217 1153 2260 1196; x_wconf 57' lang='lat'><strong>11}</strong></span> <span class='ocrx_word' id='word_1_198' title='bbox 2313 1170 2314 1188; x_wconf 70' lang='lat'>1</span> 
     </span>
     <span class='ocr_line' id='line_1_19' title="bbox 348 1193 2314 1253; baseline 0.001 -17"><span class='ocrx_word' id='word_1_199' title='bbox 348 1211 419 1237; x_wconf 89' lang='lat' dir='ltr'><strong>tum</strong></span> <span class='ocrx_word' id='word_1_200' title='bbox 444 1215 486 1236; x_wconf 85' lang='lat' dir='ltr'><strong>ex</strong></span> <span class='ocrx_word' id='word_1_201' title='bbox 509 1213 677 1236; x_wconf 88' lang='lat' dir='ltr'><strong>consensu</strong></span> <span class='ocrx_word' id='word_1_202' title='bbox 700 1204 910 1246; x_wconf 87' lang='lat' dir='ltr'><strong>reliquorum</strong></span> <span class='ocrx_word' id='word_1_203' title='bbox 935 1203 1144 1235; x_wconf 85' lang='lat' dir='ltr'><strong>accelerant.</strong></span> <span class='ocrx_word' id='word_1_204' title='bbox 1190 1203 1270 1234; x_wconf 85' lang='lat' dir='ltr'><strong>Dux</strong></span> <span class='ocrx_word' id='word_1_205' title='bbox 1293 1202 1420 1245; x_wconf 87' lang='lat' dir='ltr'><strong>itaque,</strong></span> <span class='ocrx_word' id='word_1_206' title='bbox 1447 1202 1584 1236; x_wconf 88' lang='lat' dir='ltr'><strong>callidis</strong></span> <span class='ocrx_word' id='word_1_207' title='bbox 1606 1203 1836 1246; x_wconf 84' lang='lat' dir='ltr'><strong>pactionibus,</strong></span> <span class='ocrx_word' id='word_1_208' title='bbox 1859 1204 1889 1236; x_wconf 89' lang='lat' dir='ltr'><strong>si</strong></span> <span class='ocrx_word' id='word_1_209' title='bbox 1922 1204 2135 1246; x_wconf 58' lang='lat' dir='ltr'><strong>&#39;assentiam</strong></span> <span class='ocrx_word' id='word_1_210' title='bbox 2163 1205 2194 1238; x_wconf 76' lang='lat' dir='ltr'><strong>si</strong></span> <span class='ocrx_word' id='word_1_211' title='bbox 2242 1201 2258 1233; x_wconf 66' lang='grc' dir='ltr'><strong>ἓ·</strong></span> <span class='ocrx_word' id='word_1_212' title='bbox 2311 1193 2314 1253; x_wconf 51' lang='lat' dir='ltr'>J</span> 
     </span>
     <span class='ocr_line' id='line_1_20' title="bbox 347 1249 2314 1301; baseline 0.002 -12"><span class='ocrx_word' id='word_1_213' title='bbox 347 1264 460 1290; x_wconf 88' lang='lat' dir='ltr'><strong>autem</strong></span> <span class='ocrx_word' id='word_1_214' title='bbox 485 1257 697 1295; x_wconf 85' lang='lat' dir='ltr'><strong>dissentiant,</strong></span> <span class='ocrx_word' id='word_1_215' title='bbox 725 1257 826 1289; x_wconf 88' lang='lat' dir='ltr'><strong>minis</strong></span> <span class='ocrx_word' id='word_1_216' title='bbox 857 1257 1032 1294; x_wconf 89' lang='lat' dir='ltr'><strong>terrendo,</strong></span> <span class='ocrx_word' id='word_1_217' title='bbox 1063 1261 1246 1295; x_wconf 89' lang='lat' dir='ltr'><strong>attentans,</strong></span> <span class='ocrx_word' id='word_1_218' title='bbox 1277 1256 1417 1289; x_wconf 90' lang='lat' dir='ltr'><strong>tandem</strong></span> <span class='ocrx_word' id='word_1_219' title='bbox 1450 1257 1495 1288; x_wconf 89' lang='lat' dir='ltr'><strong>ad</strong></span> <span class='ocrx_word' id='word_1_220' title='bbox 1525 1257 1846 1290; x_wconf 85' lang='lat' dir='ltr'><strong>confederationem</strong></span> <span class='ocrx_word' id='word_1_221' title='bbox 1877 1257 2054 1301; x_wconf 85' lang='lat' dir='ltr'><strong>compulit,</strong></span> <span class='ocrx_word' id='word_1_222' title='bbox 2084 1264 2134 1299; x_wconf 86' lang='lat' dir='ltr'><strong>ut,</strong></span> <span class='ocrx_word' id='word_1_223' title='bbox 2163 1258 2193 1292; x_wconf 83' lang='lat' dir='ltr'><strong>si</strong></span> <span class='ocrx_word' id='word_1_224' title='bbox 2240 1249 2248 1291; x_wconf 69' lang='grc' dir='ltr'><strong>Ῐ,</strong></span> <span class='ocrx_word' id='word_1_225' title='bbox 2311 1254 2314 1260; x_wconf 58' lang='lat'><strong><em>⁴</em></strong></span> 
     </span>
     <span class='ocr_line' id='line_1_21' title="bbox 347 1307 2310 1353; baseline 0.001 -9"><span class='ocrx_word' id='word_1_226' title='bbox 347 1317 466 1344; x_wconf 86' lang='lat' dir='ltr'><strong>contra</strong></span> <span class='ocrx_word' id='word_1_227' title='bbox 489 1310 661 1343; x_wconf 75' lang='lat' dir='ltr'><strong>Gisulfum</strong></span> <span class='ocrx_word' id='word_1_228' title='bbox 685 1311 730 1343; x_wconf 89' lang='lat' dir='ltr'><strong>ab</strong></span> <span class='ocrx_word' id='word_1_229' title='bbox 753 1310 829 1353; x_wconf 91' lang='lat' dir='ltr'><strong>ipso</strong></span> <span class='ocrx_word' id='word_1_230' title='bbox 853 1316 1040 1348; x_wconf 87' lang='lat' dir='ltr'><strong>tuerentur,</strong></span> <span class='ocrx_word' id='word_1_231' title='bbox 1063 1315 1135 1342; x_wconf 90' lang='lat' dir='ltr'><strong>tota</strong></span> <span class='ocrx_word' id='word_1_232' title='bbox 1158 1309 1271 1342; x_wconf 71' lang='lat' dir='ltr'><strong>Malta</strong></span> <span class='ocrx_word' id='word_1_233' title='bbox 1293 1309 1344 1341; x_wconf 91' lang='lat' dir='ltr'><strong>illi</strong></span> <span class='ocrx_word' id='word_1_234' title='bbox 1367 1309 1548 1353; x_wconf 82' lang='lat' dir='ltr'><strong>subjugata</strong></span> <span class='ocrx_word' id='word_1_235' title='bbox 1570 1310 1832 1344; x_wconf 87' lang='lat' dir='ltr'><strong>haereditaliter</strong></span> <span class='ocrx_word' id='word_1_236' title='bbox 1854 1311 2105 1345; x_wconf 70' lang='lat' dir='ltr'><strong>foederaretur.</strong></span> <span class='ocrx_word' id='word_1_237' title='bbox 2215 1311 2218 1346; x_wconf 80' lang='grc' dir='ltr'>Ῐ</span> <span class='ocrx_word' id='word_1_238' title='bbox 2238 1307 2258 1349; x_wconf 49' lang='lat' dir='ltr'><strong>J&#39;</strong></span> <span class='ocrx_word' id='word_1_239' title='bbox 2308 1342 2310 1353; x_wconf 19' lang='lat'><strong>¹,</strong></span> 
     </span>
    </p>

    <p class='ocr_par' dir='ltr' id='par_1_6' title="bbox 345 1359 2309 1565">
     <span class='ocr_line' id='line_1_22' title="bbox 433 1359 2309 1405; baseline 0 -9"><span class='ocrx_word' id='word_1_240' title='bbox 433 1364 529 1396; x_wconf 90' lang='lat' dir='ltr'><strong>Duce</strong></span> <span class='ocrx_word' id='word_1_241' title='bbox 554 1374 638 1395; x_wconf 92' lang='lat' dir='ltr'><strong>vero</strong></span> <span class='ocrx_word' id='word_1_242' title='bbox 670 1363 795 1403; x_wconf 90' lang='lat' dir='ltr'><strong>omnia,</strong></span> <span class='ocrx_word' id='word_1_243' title='bbox 826 1369 864 1395; x_wconf 88' lang='lat' dir='ltr'><strong>ut</strong></span> <span class='ocrx_word' id='word_1_244' title='bbox 895 1363 1114 1405; x_wconf 86' lang='lat' dir='ltr'><strong>expetebant,</strong></span> <span class='ocrx_word' id='word_1_245' title='bbox 1144 1362 1378 1404; x_wconf 90' lang='lat' dir='ltr'><strong>promittente,</strong></span> <span class='ocrx_word' id='word_1_246' title='bbox 1410 1368 1508 1405; x_wconf 85' lang='lat' dir='ltr'><strong>parte</strong></span> <span class='ocrx_word' id='word_1_247' title='bbox 1539 1363 1713 1397; x_wconf 88' lang='lat' dir='ltr'><strong>exercitus</strong></span> <span class='ocrx_word' id='word_1_248' title='bbox 1742 1365 1787 1397; x_wconf 89' lang='lat' dir='ltr'><strong>ad</strong></span> <span class='ocrx_word' id='word_1_249' title='bbox 1818 1363 2044 1398; x_wconf 86' lang='lat' dir='ltr'><strong>obsidendam</strong></span> <span class='ocrx_word' id='word_1_250' title='bbox 2073 1365 2194 1400; x_wconf 81' lang='lat' dir='ltr'><strong>urbem</strong></span> <span class='ocrx_word' id='word_1_251' title='bbox 2213 1359 2261 1396; x_wconf 59' lang='lat'><strong>*3³:-</strong></span> <span class='ocrx_word' id='word_1_252' title='bbox 2308 1360 2309 1366; x_wconf 49' lang='lat'>¹</span> 
     </span>
     <span class='ocr_line' id='line_1_23' title="bbox 345 1415 2194 1459; baseline 0.002 -10"><span class='ocrx_word' id='word_1_253' title='bbox 345 1418 479 1456; x_wconf 86' lang='lat' dir='ltr'><strong>relicta,</strong></span> <span class='ocrx_word' id='word_1_254' title='bbox 501 1416 670 1459; x_wconf 86' lang='lat' dir='ltr'><strong>reliquam</strong></span> <span class='ocrx_word' id='word_1_255' title='bbox 693 1427 809 1449; x_wconf 88' lang='lat' dir='ltr'><strong>secum</strong></span> <span class='ocrx_word' id='word_1_256' title='bbox 835 1417 975 1454; x_wconf 87' lang='lat' dir='ltr'><strong>ducens,</strong></span> <span class='ocrx_word' id='word_1_257' title='bbox 999 1427 1077 1448; x_wconf 91' lang='lat' dir='ltr'><strong>cum</strong></span> <span class='ocrx_word' id='word_1_258' title='bbox 1101 1415 1195 1458; x_wconf 88' lang='lat' dir='ltr'><strong>ipsis,</strong></span> <span class='ocrx_word' id='word_1_259' title='bbox 1219 1416 1276 1459; x_wconf 90' lang='lat' dir='ltr'><strong>qui</strong></span> <span class='ocrx_word' id='word_1_260' title='bbox 1300 1415 1382 1448; x_wconf 88' lang='lat' dir='ltr'><strong>inde</strong></span> <span class='ocrx_word' id='word_1_261' title='bbox 1404 1422 1584 1456; x_wconf 87' lang='lat' dir='ltr'><strong>venerant,</strong></span> <span class='ocrx_word' id='word_1_262' title='bbox 1609 1417 1702 1459; x_wconf 84' lang='lat' dir='ltr'><strong>apud</strong></span> <span class='ocrx_word' id='word_1_263' title='bbox 1725 1417 1871 1450; x_wconf 75' lang='lat' dir='ltr'><strong>Malfam</strong></span> <span class='ocrx_word' id='word_1_264' title='bbox 1898 1417 2005 1451; x_wconf 87' lang='lat' dir='ltr'><strong>vadit.</strong></span> <span class='ocrx_word' id='word_1_265' title='bbox 2049 1418 2194 1459; x_wconf 83' lang='lat' dir='ltr'><strong>Urbem‘,</strong></span> 
     </span>
     <span class='ocr_line' id='line_1_24' title="bbox 346 1468 2192 1512; baseline 0.001 -10"><span class='ocrx_word' id='word_1_266' title='bbox 346 1470 412 1503; x_wconf 91' lang='lat' dir='ltr'><strong>sibi</strong></span> <span class='ocrx_word' id='word_1_267' title='bbox 436 1481 454 1502; x_wconf 89' lang='lat' dir='ltr'><strong>a</strong></span> <span class='ocrx_word' id='word_1_268' title='bbox 479 1470 612 1502; x_wconf 88' lang='lat' dir='ltr'><strong>civibus</strong></span> <span class='ocrx_word' id='word_1_269' title='bbox 635 1469 871 1507; x_wconf 83' lang='lat' dir='ltr'><strong>deliberatam,</strong></span> <span class='ocrx_word' id='word_1_270' title='bbox 894 1469 1070 1512; x_wconf 85' lang='lat' dir='ltr'><strong>&#39;suscipit;</strong></span> <span class='ocrx_word' id='word_1_271' title='bbox 1096 1475 1243 1512; x_wconf 90' lang='lat' dir='ltr'><strong>quatuor</strong></span> <span class='ocrx_word' id='word_1_272' title='bbox 1266 1468 1408 1502; x_wconf 87' lang='lat' dir='ltr'><strong>castella</strong></span> <span class='ocrx_word' id='word_1_273' title='bbox 1421 1470 1458 1501; x_wconf 93' lang='lat' dir='ltr'><strong>in</strong></span> <span class='ocrx_word' id='word_1_274' title='bbox 1473 1480 1514 1502; x_wconf 90' lang='lat' dir='ltr'><strong>ea</strong></span> <span class='ocrx_word' id='word_1_275' title='bbox 1530 1469 1634 1508; x_wconf 62' lang='lat' dir='ltr'><strong>facin</strong></span> <span class='ocrx_word' id='word_1_276' title='bbox 1650 1470 1816 1504; x_wconf 90' lang='lat' dir='ltr'><strong>militibus</strong></span> <span class='ocrx_word' id='word_1_277' title='bbox 1831 1471 1900 1504; x_wconf 89' lang='lat' dir='ltr'><strong>suis</strong></span> <span class='ocrx_word' id='word_1_278' title='bbox 1916 1471 2028 1504; x_wconf 89' lang='lat' dir='ltr'><strong>munit</strong></span> <span class='ocrx_word' id='word_1_279' title='bbox 2038 1469 2060 1504; x_wconf 80' lang='lat'><strong>⁸.</strong></span> <span class='ocrx_word' id='word_1_280' title='bbox 2106 1471 2192 1506; x_wconf 81' lang='lat' dir='ltr'><strong>Inde</strong></span> 
     </span>
     <span class='ocr_line' id='line_1_25' title="bbox 347 1522 2306 1565; baseline 0 -9"><span class='ocrx_word' id='word_1_281' title='bbox 347 1535 426 1556; x_wconf 91' lang='lat' dir='ltr'><strong>cum</strong></span> <span class='ocrx_word' id='word_1_282' title='bbox 449 1523 564 1555; x_wconf 90' lang='lat' dir='ltr'><strong>multis</strong></span> <span class='ocrx_word' id='word_1_283' title='bbox 587 1523 841 1555; x_wconf 85' lang='lat' dir='ltr'><strong>Malfitanorum</strong></span> <span class='ocrx_word' id='word_1_284' title='bbox 867 1523 979 1565; x_wconf 86' lang='lat' dir='ltr'><strong>copiis</strong></span> <span class='ocrx_word' id='word_1_285' title='bbox 1003 1522 1184 1555; x_wconf 88' lang='lat' dir='ltr'><strong>Salernum</strong></span> <span class='ocrx_word' id='word_1_286' title='bbox 1207 1523 1309 1555; x_wconf 85' lang='lat' dir='ltr'><strong>redit.</strong></span> <span class='ocrx_word' id='word_1_287' title='bbox 2159 1533 2163 1543; x_wconf 61' lang='grc'><strong>’·</strong></span> <span class='ocrx_word' id='word_1_288' title='bbox 2194 1532 2197 1536; x_wconf 75' lang='grc'><em>’</em></span> <span class='ocrx_word' id='word_1_289' title='bbox 2304 1539 2306 1548; x_wconf 60' lang='grc' dir='ltr'><em>ν</em></span> 
     </span>
    </p>

    <p class='ocr_par' dir='ltr' id='par_1_7' title="bbox 434 1566 2305 1626">
     <span class='ocr_line' id='line_1_26' title="bbox 434 1575 2192 1620; baseline 0.001 -11"><span class='ocrx_word' id='word_1_290' title='bbox 434 1576 491 1609; x_wconf 90' lang='lat' dir='ltr'><strong>Sic</strong></span> <span class='ocrx_word' id='word_1_291' title='bbox 515 1575 713 1609; x_wconf 87' lang='lat' dir='ltr'><strong>deterrebat</strong></span> <span class='ocrx_word' id='word_1_292' title='bbox 736 1576 951 1613; x_wconf 82' lang='lat' dir='ltr'><strong>Malfitanos;</strong></span> <span class='ocrx_word' id='word_1_293' title='bbox 977 1575 1039 1617; x_wconf 89' lang='lat' dir='ltr'><strong>si[c</strong></span> <span class='ocrx_word' id='word_1_294' title='bbox 1063 1576 1094 1617; x_wconf 94' lang='lat' dir='ltr'><strong>e]</strong></span> <span class='ocrx_word' id='word_1_295' title='bbox 1118 1575 1300 1618; x_wconf 88' lang='lat' dir='ltr'><strong>man[ib]us</strong></span> <span class='ocrx_word' id='word_1_296' title='bbox 1324 1576 1507 1609; x_wconf 86' lang='lat' dir='ltr'><strong>Guiscardi</strong></span> <span class='ocrx_word' id='word_1_297' title='bbox 1531 1577 1705 1620; x_wconf 86' lang='lat' dir='ltr'><strong>quomodo</strong></span> <span class='ocrx_word' id='word_1_298' title='bbox 1730 1578 1896 1610; x_wconf 87' lang='lat' dir='ltr'><strong>evaderet</strong></span> <span class='ocrx_word' id='word_1_299' title='bbox 1917 1578 2021 1611; x_wconf 89' lang='lat' dir='ltr'><strong>timor</strong></span> <span class='ocrx_word' id='word_1_300' title='bbox 2041 1577 2192 1611; x_wconf 78' lang='lat' dir='ltr'><strong>Gisulfi?</strong></span> 
     </span>
    </p>
   </div>
   <div class='ocr_carea' id='block_1_6' title="bbox 178 1482 286 1505">
    <p class='ocr_par' dir='ltr' id='par_1_8' title="bbox 178 1482 286 1505">
     <span class='ocr_line' id='line_1_27' title="bbox 178 1482 286 1505; baseline 0 -4"><span class='ocrx_word' id='word_1_301' title='bbox 178 1482 209 1504; x_wconf 76' lang='lat' dir='ltr'><strong>D,</strong></span> <span class='ocrx_word' id='word_1_302' title='bbox 225 1487 262 1505; x_wconf 76' lang='lat'><strong>115</strong></span> <span class='ocrx_word' id='word_1_303' title='bbox 273 1487 286 1501; x_wconf 76' lang='grc' dir='ltr'><em>ν</em></span> 
     </span>
    </p>
   </div>
   <div class='ocr_carea' id='block_1_7' title="bbox 346 1678 2301 1836">
    <p class='ocr_par' dir='ltr' id='par_1_9' title="bbox 346 1678 2301 1843">
     <span class='ocr_line' id='line_1_28' title="bbox 432 1678 2250 1733; baseline 0.001 -17"><span class='ocrx_word' id='word_1_304' title='bbox 432 1683 493 1716; x_wconf 89' lang='lat' dir='ltr'><strong>IV.</strong></span> <span class='ocrx_word' id='word_1_305' title='bbox 522 1702 555 1706; x_wconf 92' lang='lat'>-</span> <span class='ocrx_word' id='word_1_306' title='bbox 582 1683 661 1715; x_wconf 83' lang='lat' dir='ltr'><strong>Dux</strong></span> <span class='ocrx_word' id='word_1_307' title='bbox 684 1693 768 1716; x_wconf 91' lang='lat' dir='ltr'><strong>vero</strong></span> <span class='ocrx_word' id='word_1_308' title='bbox 792 1683 971 1715; x_wconf 84' lang='lat' dir='ltr'><strong>navalibus</strong></span> <span class='ocrx_word' id='word_1_309' title='bbox 993 1682 1218 1726; x_wconf 88' lang='lat' dir='ltr'><strong>peditumque</strong></span> <span class='ocrx_word' id='word_1_310' title='bbox 1235 1683 1355 1725; x_wconf 89' lang='lat' dir='ltr'><strong>copiis,</strong></span> <span class='ocrx_word' id='word_1_311' title='bbox 1372 1683 1435 1716; x_wconf 88' lang='lat' dir='ltr'><strong>sed</strong></span> <span class='ocrx_word' id='word_1_312' title='bbox 1451 1689 1486 1716; x_wconf 92' lang='lat' dir='ltr'><strong>et</strong></span> <span class='ocrx_word' id='word_1_313' title='bbox 1501 1683 1651 1727; x_wconf 85' lang='lat' dir='ltr'><strong>equestri</strong></span> <span class='ocrx_word' id='word_1_314' title='bbox 1668 1683 1836 1723; x_wconf 81' lang='lat' dir='ltr'><strong>exercitu,</strong></span> <span class='ocrx_word' id='word_1_315' title='bbox 1853 1684 2035 1717; x_wconf 86' lang='lat' dir='ltr'><strong>Salernum</strong></span> <span class='ocrx_word' id='word_1_316' title='bbox 2049 1684 2192 1726; x_wconf 65' lang='lat' dir='ltr'><strong>vallans,</strong></span> <span class='ocrx_word' id='word_1_317' title='bbox 2234 1678 2250 1733; x_wconf 30' lang='lat' dir='ltr'>J</span> 
     </span>
     <span class='ocr_line' id='line_1_29' title="bbox 347 1736 2301 1782; baseline 0.002 -13"><span class='ocrx_word' id='word_1_318' title='bbox 347 1736 522 1780; x_wconf 76' lang='lat' dir='ltr'><strong>frequenti</strong></span> <span class='ocrx_word' id='word_1_319' title='bbox 544 1737 739 1769; x_wconf 85' lang='lat' dir='ltr'><strong>incursione</strong></span> <span class='ocrx_word' id='word_1_320' title='bbox 765 1736 1004 1779; x_wconf 88' lang='lat' dir='ltr'><strong>congrediens,</strong></span> <span class='ocrx_word' id='word_1_321' title='bbox 1028 1736 1181 1780; x_wconf 88' lang='lat' dir='ltr'><strong>undique</strong></span> <span class='ocrx_word' id='word_1_322' title='bbox 1204 1736 1419 1768; x_wconf 87' lang='lat' dir='ltr'><strong>deterrebat:</strong></span> <span class='ocrx_word' id='word_1_323' title='bbox 1444 1736 1482 1768; x_wconf 88' lang='lat' dir='ltr'><strong>in</strong></span> <span class='ocrx_word' id='word_1_324' title='bbox 1504 1742 1706 1780; x_wconf 89' lang='lat' dir='ltr'><strong>tantumque</strong></span> <span class='ocrx_word' id='word_1_325' title='bbox 1731 1737 1862 1770; x_wconf 87' lang='lat' dir='ltr'><strong>attrivit</strong></span> <span class='ocrx_word' id='word_1_326' title='bbox 1890 1743 1938 1776; x_wconf 88' lang='lat' dir='ltr'><strong>ut,</strong></span> <span class='ocrx_word' id='word_1_327' title='bbox 1968 1737 2065 1770; x_wconf 88' lang='lat' dir='ltr'><strong>nullo</strong></span> <span class='ocrx_word' id='word_1_328' title='bbox 2095 1738 2192 1772; x_wconf 83' lang='lat' dir='ltr'><strong>aditu</strong></span> <span class='ocrx_word' id='word_1_329' title='bbox 2224 1776 2228 1781; x_wconf 30' lang='grc'><em>,</em></span> <span class='ocrx_word' id='word_1_330' title='bbox 2299 1743 2301 1782; x_wconf 72' lang='lat' dir='ltr'>j</span> 
     </span>
     <span class='ocr_line' id='line_1_30' title="bbox 346 1789 2192 1836; baseline 0.001 -14"><span class='ocrx_word' id='word_1_331' title='bbox 346 1791 391 1822; x_wconf 88' lang='lat' dir='ltr'><strong>ad</strong></span> <span class='ocrx_word' id='word_1_332' title='bbox 414 1789 544 1822; x_wconf 81' lang='lat' dir='ltr'><strong>victum</strong></span> <span class='ocrx_word' id='word_1_333' title='bbox 566 1789 869 1827; x_wconf 86' lang='lat' dir='ltr'><strong>introducendum,</strong></span> <span class='ocrx_word' id='word_1_334' title='bbox 900 1799 947 1828; x_wconf 90' lang='lat' dir='ltr'><strong>se,</strong></span> <span class='ocrx_word' id='word_1_335' title='bbox 978 1790 1116 1832; x_wconf 90' lang='lat' dir='ltr'><strong>suisque</strong></span> <span class='ocrx_word' id='word_1_336' title='bbox 1146 1789 1362 1833; x_wconf 89' lang='lat' dir='ltr'><strong>negantibus,</strong></span> <span class='ocrx_word' id='word_1_337' title='bbox 1392 1795 1543 1832; x_wconf 83' lang='lat' dir='ltr'><strong>patente,</strong></span> <span class='ocrx_word' id='word_1_338' title='bbox 1574 1795 1705 1823; x_wconf 85' lang='lat' dir='ltr'><strong>tantam</strong></span> <span class='ocrx_word' id='word_1_339' title='bbox 1736 1790 1864 1823; x_wconf 79' lang='lat' dir='ltr'><strong>famem</strong></span> <span class='ocrx_word' id='word_1_340' title='bbox 1887 1790 2001 1823; x_wconf 91' lang='lat' dir='ltr'><strong>inesse</strong></span> <span class='ocrx_word' id='word_1_341' title='bbox 2025 1790 2192 1836; x_wconf 70' lang='lat' dir='ltr'><strong>coegerit,</strong></span> 
     </span>
    </p>
   </div>
   <div class='ocr_carea' id='block_1_8' title="bbox 305 1920 2294 2173">
    <p class='ocr_par' dir='ltr' id='par_1_10' title="bbox 438 1920 2240 1964">
     <span class='ocr_line' id='line_1_31' title="bbox 438 1920 2233 1964; baseline -0.001 -11"><span class='ocrx_word' id='word_1_342' title='bbox 438 1935 459 1953; x_wconf 89' lang='lat'><strong>1.</strong></span> <span class='ocrx_word' id='word_1_343' title='bbox 479 1928 641 1961; x_wconf 84' lang='lat' dir='ltr'><strong>Sigelgutae</strong></span> <span class='ocrx_word' id='word_1_344' title='bbox 659 1929 687 1952; x_wconf 89' lang='lat' dir='ltr'><em>P</em></span> <span class='ocrx_word' id='word_1_345' title='bbox 697 1929 720 1953; x_wconf 91' lang='lat' dir='ltr'><em>C</em></span> <span class='ocrx_word' id='word_1_346' title='bbox 737 1941 769 1945; x_wconf 98' lang='lat'><strong>—</strong></span> <span class='ocrx_word' id='word_1_347' title='bbox 790 1933 814 1952; x_wconf 82' lang='lat'><strong>2.</strong></span> <span class='ocrx_word' id='word_1_348' title='bbox 833 1927 1005 1960; x_wconf 83' lang='lat' dir='ltr'><strong>maritimos]</strong></span> <span class='ocrx_word' id='word_1_349' title='bbox 1026 1929 1224 1953; x_wconf 83' lang='lat' dir='ltr'><strong>maritimanos</strong></span> <span class='ocrx_word' id='word_1_350' title='bbox 1243 1929 1307 1954; x_wconf 85' lang='lat' dir='ltr'><strong>BD</strong></span> <span class='ocrx_word' id='word_1_351' title='bbox 1319 1931 1352 1948; x_wconf 65' lang='lat'><strong>—⁴</strong></span> <span class='ocrx_word' id='word_1_352' title='bbox 1367 1935 1421 1961; x_wconf 84' lang='lat'><strong>2-3.</strong></span> <span class='ocrx_word' id='word_1_353' title='bbox 1435 1929 1484 1964; x_wconf 80' lang='lat' dir='ltr'><strong>qui</strong></span> <span class='ocrx_word' id='word_1_354' title='bbox 1496 1928 1559 1954; x_wconf 83' lang='lat' dir='ltr'><strong>Fici</strong></span> <span class='ocrx_word' id='word_1_355' title='bbox 1572 1928 1679 1954; x_wconf 85' lang='lat' dir='ltr'><strong>dicitur</strong></span> <span class='ocrx_word' id='word_1_356' title='bbox 1691 1929 1867 1961; x_wconf 84' lang='lat' dir='ltr'><strong>Arecumque</strong></span> <span class='ocrx_word' id='word_1_357' title='bbox 1879 1930 1908 1953; x_wconf 88' lang='lat' dir='ltr'><strong>et</strong></span> <span class='ocrx_word' id='word_1_358' title='bbox 1920 1929 1947 1954; x_wconf 92' lang='lat' dir='ltr'><strong>S.</strong></span> <span class='ocrx_word' id='word_1_359' title='bbox 1959 1927 2062 1963; x_wconf 84' lang='lat' dir='ltr'><strong>Euph.]</strong></span> <span class='ocrx_word' id='word_1_360' title='bbox 2074 1930 2189 1962; x_wconf 75' lang='lat' dir='ltr'><strong>portum</strong></span> <span class='ocrx_word' id='word_1_361' title='bbox 2206 1920 2214 1930; x_wconf 47' lang='lat'><strong>²</strong></span> <span class='ocrx_word' id='word_1_362' title='bbox 2224 1923 2233 1931; x_wconf 37' lang='lat'><strong>&#39;¹</strong></span> 
     </span>
    </p>

    <p class='ocr_par' dir='ltr' id='par_1_11' title="bbox 347 1971 2294 2091">
     <span class='ocr_line' id='line_1_32' title="bbox 347 1971 2234 2004; baseline 0.001 -9"><span class='ocrx_word' id='word_1_363' title='bbox 347 1978 428 2003; x_wconf 89' lang='lat' dir='ltr'><strong>quem</strong></span> <span class='ocrx_word' id='word_1_364' title='bbox 451 1971 519 1996; x_wconf 80' lang='lat' dir='ltr'><strong>fecit</strong></span> <span class='ocrx_word' id='word_1_365' title='bbox 537 1973 565 1995; x_wconf 87' lang='lat' dir='ltr'><strong>et</strong></span> <span class='ocrx_word' id='word_1_366' title='bbox 584 1972 688 1995; x_wconf 86' lang='lat' dir='ltr'><strong>statum</strong></span> <span class='ocrx_word' id='word_1_367' title='bbox 710 1971 822 1995; x_wconf 87' lang='lat' dir='ltr'><strong>sennam</strong></span> <span class='ocrx_word' id='word_1_368' title='bbox 842 1971 908 1995; x_wconf 87' lang='lat' dir='ltr'><strong>BD</strong></span> <span class='ocrx_word' id='word_1_369' title='bbox 927 1983 961 1988; x_wconf 94' lang='lat'><strong>—</strong></span> <span class='ocrx_word' id='word_1_370' title='bbox 979 1978 1005 2002; x_wconf 89' lang='lat'><strong>3.</strong></span> <span class='ocrx_word' id='word_1_371' title='bbox 1023 1971 1175 2003; x_wconf 87' lang='lat' dir='ltr'><strong>pervadere</strong></span> <span class='ocrx_word' id='word_1_372' title='bbox 1195 1972 1293 1996; x_wconf 88' lang='lat' dir='ltr'><strong>BCD</strong></span> <span class='ocrx_word' id='word_1_373' title='bbox 1311 1986 1343 1990; x_wconf 90' lang='lat'>—</span> <span class='ocrx_word' id='word_1_374' title='bbox 1363 1971 1388 1996; x_wconf 92' lang='lat'><strong>6.</strong></span> <span class='ocrx_word' id='word_1_375' title='bbox 1407 1973 1439 1996; x_wconf 86' lang='lat' dir='ltr'><strong>ut</strong></span> <span class='ocrx_word' id='word_1_376' title='bbox 1459 1979 1508 1996; x_wconf 84' lang='lat' dir='ltr'><strong>om.</strong></span> <span class='ocrx_word' id='word_1_377' title='bbox 1527 1972 1555 1996; x_wconf 83' lang='lat' dir='ltr'><em>P</em></span> <span class='ocrx_word' id='word_1_378' title='bbox 1571 1984 1606 1989; x_wconf 90' lang='lat'>—</span> <span class='ocrx_word' id='word_1_379' title='bbox 1626 1977 1650 2003; x_wconf 90' lang='lat'><strong>7.</strong></span> <span class='ocrx_word' id='word_1_380' title='bbox 1669 1972 1797 2004; x_wconf 84' lang='lat' dir='ltr'><strong>temptat,</strong></span> <span class='ocrx_word' id='word_1_381' title='bbox 1816 1978 1850 1996; x_wconf 88' lang='lat' dir='ltr'><strong>eo</strong></span> <span class='ocrx_word' id='word_1_382' title='bbox 1869 1971 1932 2004; x_wconf 83' lang='lat' dir='ltr'><strong>plus</strong></span> <span class='ocrx_word' id='word_1_383' title='bbox 1953 1972 2018 1996; x_wconf 88' lang='lat' dir='ltr'><strong>BD</strong></span> <span class='ocrx_word' id='word_1_384' title='bbox 2035 1985 2071 1990; x_wconf 93' lang='lat'><strong>--</strong></span> <span class='ocrx_word' id='word_1_385' title='bbox 2088 1978 2114 2004; x_wconf 79' lang='lat'><strong>9.</strong></span> <span class='ocrx_word' id='word_1_386' title='bbox 2133 1972 2188 1997; x_wconf 77' lang='lat' dir='ltr'><strong>inl·</strong></span> <span class='ocrx_word' id='word_1_387' title='bbox 2227 1995 2234 2004; x_wconf 75' lang='grc'><em>,</em></span> 
     </span>
     <span class='ocr_line' id='line_1_33' title="bbox 349 2012 2230 2046; baseline 0.001 -10"><span class='ocrx_word' id='word_1_388' title='bbox 349 2012 484 2045; x_wconf 82' lang='lat' dir='ltr'><strong>micitias]</strong></span> <span class='ocrx_word' id='word_1_389' title='bbox 504 2012 646 2037; x_wconf 80' lang='lat' dir='ltr'><strong>amicitias</strong></span> <span class='ocrx_word' id='word_1_390' title='bbox 666 2013 693 2036; x_wconf 90' lang='lat' dir='ltr'><em>P</em></span> <span class='ocrx_word' id='word_1_391' title='bbox 710 2025 718 2030; x_wconf 94' lang='lat'><em>-</em></span> <span class='ocrx_word' id='word_1_392' title='bbox 738 2012 883 2037; x_wconf 82' lang='lat' dir='ltr'><strong>Adversae</strong></span> <span class='ocrx_word' id='word_1_393' title='bbox 901 2012 966 2037; x_wconf 88' lang='lat' dir='ltr'><strong>BD</strong></span> <span class='ocrx_word' id='word_1_394' title='bbox 984 2026 1016 2030; x_wconf 97' lang='lat'><strong>—</strong></span> <span class='ocrx_word' id='word_1_395' title='bbox 1039 2019 1079 2037; x_wconf 88' lang='lat'><strong>10.</strong></span> <span class='ocrx_word' id='word_1_396' title='bbox 1099 2014 1206 2037; x_wconf 89' lang='lat' dir='ltr'><strong>veritus</strong></span> <span class='ocrx_word' id='word_1_397' title='bbox 1225 2021 1273 2038; x_wconf 86' lang='lat' dir='ltr'><strong>om.</strong></span> <span class='ocrx_word' id='word_1_398' title='bbox 1295 2014 1359 2038; x_wconf 89' lang='lat' dir='ltr'><strong>BD</strong></span> <span class='ocrx_word' id='word_1_399' title='bbox 1378 2026 1411 2031; x_wconf 95' lang='lat'><strong>—</strong></span> <span class='ocrx_word' id='word_1_400' title='bbox 1433 2020 1473 2046; x_wconf 84' lang='lat'><strong>15.</strong></span> <span class='ocrx_word' id='word_1_401' title='bbox 1494 2013 1641 2046; x_wconf 81' lang='lat' dir='ltr'><strong>navigium</strong></span> <span class='ocrx_word' id='word_1_402' title='bbox 1661 2013 1688 2037; x_wconf 88' lang='lat' dir='ltr'><em>P</em></span> <span class='ocrx_word' id='word_1_403' title='bbox 1704 2026 1736 2031; x_wconf 97' lang='lat'><strong>—</strong></span> <span class='ocrx_word' id='word_1_404' title='bbox 1759 2012 1799 2037; x_wconf 90' lang='lat'><strong>16.</strong></span> <span class='ocrx_word' id='word_1_405' title='bbox 1819 2013 1979 2045; x_wconf 86' lang='lat' dir='ltr'><strong>aliquorum</strong></span> <span class='ocrx_word' id='word_1_406' title='bbox 1998 2013 2031 2038; x_wconf 87' lang='lat' dir='ltr'><strong>P.</strong></span> <span class='ocrx_word' id='word_1_407' title='bbox 2067 2013 2093 2038; x_wconf 75' lang='lat' dir='ltr'><strong><em>A</em></strong></span> <span class='ocrx_word' id='word_1_408' title='bbox 2110 2020 2190 2039; x_wconf 72' lang='lat' dir='ltr'><strong>cam</strong></span> <span class='ocrx_word' id='word_1_409' title='bbox 2228 2038 2230 2044; x_wconf 58' lang='grc'><em>,</em></span> 
     </span>
     <span class='ocr_line' id='line_1_34' title="bbox 348 2053 2294 2091; baseline 0.001 -13"><span class='ocrx_word' id='word_1_410' title='bbox 348 2054 417 2078; x_wconf 78' lang='lat' dir='ltr'><strong>della</strong></span> <span class='ocrx_word' id='word_1_411' title='bbox 435 2062 576 2078; x_wconf 75' lang='lat' dir='ltr'><strong>mancansa</strong></span> <span class='ocrx_word' id='word_1_412' title='bbox 594 2055 625 2078; x_wconf 75' lang='lat' dir='ltr'><strong>dn*</strong></span> <span class='ocrx_word' id='word_1_413' title='bbox 641 2061 679 2078; x_wconf 77' lang='lat' dir='ltr'><strong>un</strong></span> <span class='ocrx_word' id='word_1_414' title='bbox 689 2053 790 2086; x_wconf 77' lang='lat' dir='ltr'><strong>figlio,</strong></span> <span class='ocrx_word' id='word_1_415' title='bbox 805 2057 857 2085; x_wconf 73' lang='lat' dir='ltr'><strong>‚per</strong></span> <span class='ocrx_word' id='word_1_416' title='bbox 874 2062 910 2078; x_wconf 79' lang='lat' dir='ltr'><strong>un</strong></span> <span class='ocrx_word' id='word_1_417' title='bbox 925 2057 1001 2086; x_wconf 72' lang='lat' dir='ltr'><strong>peno</strong></span> <span class='ocrx_word' id='word_1_418' title='bbox 1019 2062 1071 2079; x_wconf 81' lang='lat' dir='ltr'><strong>nm</strong></span> <span class='ocrx_word' id='word_1_419' title='bbox 1083 2055 1201 2079; x_wconf 75' lang='lat' dir='ltr'><strong>abbiamo</strong></span> <span class='ocrx_word' id='word_1_420' title='bbox 1214 2055 1308 2080; x_wconf 79' lang='lat' dir='ltr'><strong>l&#39;aiuto</strong></span> <span class='ocrx_word' id='word_1_421' title='bbox 1320 2056 1352 2079; x_wconf 74' lang='lat' dir='ltr'><strong>dt</strong></span> <span class='ocrx_word' id='word_1_422' title='bbox 1368 2055 1402 2084; x_wconf 88' lang='lat' dir='ltr'><strong>B,</strong></span> <span class='ocrx_word' id='word_1_423' title='bbox 1421 2056 1455 2079; x_wconf 82' lang='lat' dir='ltr'><strong>da</strong></span> <span class='ocrx_word' id='word_1_424' title='bbox 1474 2056 1632 2079; x_wconf 82' lang='lat' dir='ltr'><strong>assentiant</strong></span> <span class='ocrx_word' id='word_1_425' title='bbox 1644 2054 1705 2086; x_wconf 82' lang='lat' dir='ltr'><strong>fino</strong></span> <span class='ocrx_word' id='word_1_426' title='bbox 1722 2062 1739 2079; x_wconf 85' lang='lat' dir='ltr'><strong>a</strong></span> <span class='ocrx_word' id='word_1_427' title='bbox 1751 2055 1841 2080; x_wconf 89' lang='lat' dir='ltr'><strong>Porro</strong></span> <span class='ocrx_word' id='word_1_428' title='bbox 1855 2055 1894 2087; x_wconf 68' lang='lat' dir='ltr'><strong>(p.</strong></span> <span class='ocrx_word' id='word_1_429' title='bbox 1906 2054 1952 2083; x_wconf 79' lang='lat'><strong>62,</strong></span> <span class='ocrx_word' id='word_1_430' title='bbox 1965 2055 1983 2080; x_wconf 85' lang='lat' dir='ltr'><strong>l.</strong></span> <span class='ocrx_word' id='word_1_431' title='bbox 1997 2053 2090 2088; x_wconf 84' lang='lat'><em>10)—</em></span> <span class='ocrx_word' id='word_1_432' title='bbox 2104 2055 2144 2080; x_wconf 86' lang='lat'><strong>18.</strong></span> <span class='ocrx_word' id='word_1_433' title='bbox 2155 2055 2193 2080; x_wconf 73' lang='lat' dir='ltr'><strong>ab</strong></span> <span class='ocrx_word' id='word_1_434' title='bbox 2224 2060 2239 2091; x_wconf 73' lang='grc'><strong>;</strong></span> <span class='ocrx_word' id='word_1_435' title='bbox 2292 2064 2294 2066; x_wconf 87' lang='grc'><strong><em>·</em></strong></span> 
     </span>
    </p>

    <p class='ocr_par' dir='ltr' id='par_1_12' title="bbox 305 2090 2293 2173">
     <span class='ocr_line' id='line_1_35' title="bbox 305 2090 2293 2134; baseline 0.001 -12"><span class='ocrx_word' id='word_1_436' title='bbox 305 2102 318 2128; x_wconf 87' lang='grc'><strong>5</strong></span> <span class='ocrx_word' id='word_1_437' title='bbox 348 2098 411 2129; x_wconf 85' lang='lat' dir='ltr'><strong>ipso</strong></span> <span class='ocrx_word' id='word_1_438' title='bbox 429 2104 478 2121; x_wconf 85' lang='lat' dir='ltr'><strong>om.</strong></span> <span class='ocrx_word' id='word_1_439' title='bbox 497 2098 525 2121; x_wconf 90' lang='lat' dir='ltr'><em>P</em></span> <span class='ocrx_word' id='word_1_440' title='bbox 541 2110 574 2114; x_wconf 90' lang='lat'><strong>—</strong></span> <span class='ocrx_word' id='word_1_441' title='bbox 594 2103 635 2120; x_wconf 88' lang='lat'><strong>21.</strong></span> <span class='ocrx_word' id='word_1_442' title='bbox 655 2103 672 2121; x_wconf 85' lang='lat' dir='ltr'><strong>a</strong></span> <span class='ocrx_word' id='word_1_443' title='bbox 690 2094 813 2129; x_wconf 88' lang='lat' dir='ltr'><strong>civibus]</strong></span> <span class='ocrx_word' id='word_1_444' title='bbox 833 2097 867 2121; x_wconf 88' lang='lat' dir='ltr'><strong>ab</strong></span> <span class='ocrx_word' id='word_1_445' title='bbox 887 2097 991 2121; x_wconf 89' lang='lat' dir='ltr'><strong>incolis</strong></span> <span class='ocrx_word' id='word_1_446' title='bbox 1010 2104 1057 2121; x_wconf 86' lang='lat' dir='ltr'><strong>seu</strong></span> <span class='ocrx_word' id='word_1_447' title='bbox 1077 2097 1189 2121; x_wconf 85' lang='lat' dir='ltr'><strong>civibus</strong></span> <span class='ocrx_word' id='word_1_448' title='bbox 1208 2098 1238 2121; x_wconf 90' lang='lat' dir='ltr'><em>D</em></span> <span class='ocrx_word' id='word_1_449' title='bbox 1257 2111 1267 2116; x_wconf 93' lang='lat'><em>-</em></span> <span class='ocrx_word' id='word_1_450' title='bbox 1290 2098 1358 2122; x_wconf 80' lang='lat' dir='ltr'><strong>fecit</strong></span> <span class='ocrx_word' id='word_1_451' title='bbox 1376 2097 1403 2121; x_wconf 88' lang='lat' dir='ltr'><em>P</em></span> <span class='ocrx_word' id='word_1_452' title='bbox 1419 2111 1449 2115; x_wconf 80' lang='lat'>—</span> <span class='ocrx_word' id='word_1_453' title='bbox 1466 2104 1507 2122; x_wconf 85' lang='lat'><strong>22.</strong></span> <span class='ocrx_word' id='word_1_454' title='bbox 1520 2097 1743 2122; x_wconf 78' lang='lat' dir='ltr'><strong>Malfatanorum</strong></span> <span class='ocrx_word' id='word_1_455' title='bbox 1760 2096 1935 2128; x_wconf 65' lang='lat' dir='ltr'><strong>Panchegia</strong></span> <span class='ocrx_word' id='word_1_456' title='bbox 1949 2111 1981 2116; x_wconf 91' lang='lat'>—</span> <span class='ocrx_word' id='word_1_457' title='bbox 1996 2104 2038 2130; x_wconf 85' lang='lat'><strong>23.</strong></span> <span class='ocrx_word' id='word_1_458' title='bbox 2051 2097 2120 2122; x_wconf 78' lang='lat' dir='ltr'><strong>sice</strong></span> <span class='ocrx_word' id='word_1_459' title='bbox 2132 2105 2188 2123; x_wconf 76' lang='lat' dir='ltr'><strong>ma·</strong></span> <span class='ocrx_word' id='word_1_460' title='bbox 2211 2090 2238 2134; x_wconf 49' lang='lat' dir='ltr'><strong>&#39;J</strong></span> <span class='ocrx_word' id='word_1_461' title='bbox 2291 2121 2293 2123; x_wconf 83' lang='lat'><strong>.</strong></span> 
     </span>
     <span class='ocr_line' id='line_1_36' title="bbox 349 2137 2134 2173; baseline 0.001 -10"><span class='ocrx_word' id='word_1_462' title='bbox 349 2137 443 2172; x_wconf 87' lang='lat' dir='ltr'><strong>nibus]</strong></span> <span class='ocrx_word' id='word_1_463' title='bbox 464 2140 487 2163; x_wconf 84' lang='lat' dir='ltr'><strong>si</strong></span> <span class='ocrx_word' id='word_1_464' title='bbox 506 2146 606 2163; x_wconf 85' lang='lat' dir='ltr'><strong>manus</strong></span> <span class='ocrx_word' id='word_1_465' title='bbox 624 2139 723 2163; x_wconf 88' lang='lat' dir='ltr'><strong>PCD</strong></span> <span class='ocrx_word' id='word_1_466' title='bbox 740 2151 749 2157; x_wconf 88' lang='lat'><strong>·</strong></span> <span class='ocrx_word' id='word_1_467' title='bbox 767 2137 923 2172; x_wconf 84' lang='lat' dir='ltr'><strong>quomodo]</strong></span> <span class='ocrx_word' id='word_1_468' title='bbox 944 2146 1057 2171; x_wconf 89' lang='lat' dir='ltr'><strong>quoquo</strong></span> <span class='ocrx_word' id='word_1_469' title='bbox 1077 2139 1162 2163; x_wconf 90' lang='lat' dir='ltr'><strong>modo</strong></span> <span class='ocrx_word' id='word_1_470' title='bbox 1182 2140 1246 2164; x_wconf 79' lang='grc' dir='ltr'><strong>ΡΒ</strong></span> <span class='ocrx_word' id='word_1_471' title='bbox 1266 2153 1296 2157; x_wconf 86' lang='lat'><em>-</em></span> <span class='ocrx_word' id='word_1_472' title='bbox 1319 2146 1360 2172; x_wconf 82' lang='lat'><strong>24·</strong></span> <span class='ocrx_word' id='word_1_473' title='bbox 1381 2140 1510 2169; x_wconf 79' lang='lat' dir='ltr'><strong>navibus,</strong></span> <span class='ocrx_word' id='word_1_474' title='bbox 1530 2140 1656 2172; x_wconf 85' lang='lat' dir='ltr'><strong>peditum</strong></span> <span class='ocrx_word' id='word_1_475' title='bbox 1675 2141 1706 2164; x_wconf 89' lang='lat' dir='ltr'><em>D</em></span> <span class='ocrx_word' id='word_1_476' title='bbox 1722 2153 1758 2157; x_wconf 95' lang='lat'>—</span> <span class='ocrx_word' id='word_1_477' title='bbox 1776 2144 1817 2170; x_wconf 86' lang='lat'><strong>25.</strong></span> <span class='ocrx_word' id='word_1_478' title='bbox 1837 2137 1964 2173; x_wconf 79' lang='lat' dir='ltr'><strong>attrivit]</strong></span> <span class='ocrx_word' id='word_1_479' title='bbox 1983 2139 2085 2165; x_wconf 77' lang='lat' dir='ltr'><strong>terruit</strong></span> <span class='ocrx_word' id='word_1_480' title='bbox 2104 2140 2134 2165; x_wconf 89' lang='lat' dir='ltr'><em>D</em></span> 
     </span>
    </p>
   </div>
   <div class='ocr_carea' id='block_1_9' title="bbox 290 2381 322 2399">
    <p class='ocr_par' dir='ltr' id='par_1_13' title="bbox 290 2381 322 2399">
     <span class='ocr_line' id='line_1_37' title="bbox 290 2381 322 2399; baseline 0 0"><span class='ocrx_word' id='word_1_481' title='bbox 290 2381 322 2399; x_wconf 77' lang='lat'><strong>10</strong></span> 
     </span>
    </p>
   </div>
   <div class='ocr_carea' id='block_1_10' title="bbox 290 2592 320 2618">
    <p class='ocr_par' dir='ltr' id='par_1_14' title="bbox 290 2592 320 2618">
     <span class='ocr_line' id='line_1_38' title="bbox 290 2592 320 2618; baseline 0 0"><span class='ocrx_word' id='word_1_482' title='bbox 290 2592 320 2618; x_wconf 83' lang='lat'><strong>15</strong></span> 
     </span>
    </p>
   </div>
   <div class='ocr_carea' id='block_1_11' title="bbox 290 2803 323 2821">
    <p class='ocr_par' dir='ltr' id='par_1_15' title="bbox 290 2803 323 2821">
     <span class='ocr_line' id='line_1_39' title="bbox 290 2803 323 2821; baseline 0 0"><span class='ocrx_word' id='word_1_483' title='bbox 290 2803 323 2821; x_wconf 88' lang='lat'><strong>20</strong></span> 
     </span>
    </p>
   </div>
   <div class='ocr_carea' id='block_1_12' title="bbox 289 3007 321 3033">
    <p class='ocr_par' dir='ltr' id='par_1_16' title="bbox 289 3007 321 3033">
     <span class='ocr_line' id='line_1_40' title="bbox 289 3007 321 3033; baseline 0 0"><span class='ocrx_word' id='word_1_484' title='bbox 289 3007 321 3033; x_wconf 78' lang='lat'><strong>²5</strong></span> 
     </span>
    </p>
   </div>
   <div class='ocr_carea' id='block_1_13' title="bbox 344 2248 1240 3039">
    <p class='ocr_par' dir='ltr' id='par_1_17' title="bbox 347 2248 1240 2704">
     <span class='ocr_line' id='line_1_41' title="bbox 437 2248 1239 2283; baseline 0.002 -9"><span class='ocrx_word' id='word_1_485' title='bbox 437 2248 444 2264; x_wconf 84' lang='lat'>¹</span> <span class='ocrx_word' id='word_1_486' title='bbox 465 2250 487 2274; x_wconf 86' lang='lat'><strong>11</strong></span> <span class='ocrx_word' id='word_1_487' title='bbox 502 2250 540 2275; x_wconf 93' lang='lat' dir='ltr'><strong>M.</strong></span> <span class='ocrx_word' id='word_1_488' title='bbox 551 2250 646 2274; x_wconf 80' lang='lat' dir='ltr'><strong>allude</strong></span> <span class='ocrx_word' id='word_1_489' title='bbox 655 2250 712 2274; x_wconf 83' lang='lat' dir='ltr'><strong>alla</strong></span> <span class='ocrx_word' id='word_1_490' title='bbox 723 2250 844 2282; x_wconf 73' lang='lat' dir='ltr'><strong>pontica</strong></span> <span class='ocrx_word' id='word_1_491' title='bbox 855 2250 885 2274; x_wconf 92' lang='lat' dir='ltr'><strong>di</strong></span> <span class='ocrx_word' id='word_1_492' title='bbox 897 2251 1067 2283; x_wconf 80' lang='lat' dir='ltr'><strong>espansione</strong></span> <span class='ocrx_word' id='word_1_493' title='bbox 1079 2252 1108 2276; x_wconf 93' lang='lat' dir='ltr'><strong>di</strong></span> <span class='ocrx_word' id='word_1_494' title='bbox 1122 2250 1239 2276; x_wconf 79' lang='lat' dir='ltr'><strong>Gisulio</strong></span> 
     </span>
     <span class='ocr_line' id='line_1_42' title="bbox 347 2292 1239 2324; baseline 0.001 -8"><span class='ocrx_word' id='word_1_495' title='bbox 347 2292 436 2323; x_wconf 89' lang='lat' dir='ltr'><strong>lungo</strong></span> <span class='ocrx_word' id='word_1_496' title='bbox 454 2293 531 2316; x_wconf 84' lang='lat' dir='ltr'><strong>tutta</strong></span> <span class='ocrx_word' id='word_1_497' title='bbox 549 2292 577 2316; x_wconf 83' lang='lat' dir='ltr'><strong>la</strong></span> <span class='ocrx_word' id='word_1_498' title='bbox 596 2294 675 2317; x_wconf 88' lang='lat' dir='ltr'><strong>costa</strong></span> <span class='ocrx_word' id='word_1_499' title='bbox 700 2293 821 2324; x_wconf 81' lang='lat' dir='ltr'><strong>bagnata</strong></span> <span class='ocrx_word' id='word_1_500' title='bbox 847 2292 893 2316; x_wconf 88' lang='lat' dir='ltr'><strong>dal</strong></span> <span class='ocrx_word' id='word_1_501' title='bbox 920 2292 1048 2322; x_wconf 83' lang='lat' dir='ltr'><strong>Tirreno‚</strong></span> <span class='ocrx_word' id='word_1_502' title='bbox 1074 2293 1109 2317; x_wconf 87' lang='lat' dir='ltr'><strong>da</strong></span> <span class='ocrx_word' id='word_1_503' title='bbox 1135 2293 1239 2318; x_wconf 80' lang='lat' dir='ltr'><strong>Amalfi</strong></span> 
     </span>
     <span class='ocr_line' id='line_1_43' title="bbox 347 2332 1239 2365; baseline 0.002 -7"><span class='ocrx_word' id='word_1_504' title='bbox 347 2333 479 2365; x_wconf 66' lang='lat' dir='ltr'><strong>(Auno.</strong></span> <span class='ocrx_word' id='word_1_505' title='bbox 493 2333 566 2363; x_wconf 82' lang='lat' dir='ltr'><strong>VIII,</strong></span> <span class='ocrx_word' id='word_1_506' title='bbox 581 2341 594 2365; x_wconf 86' lang='lat'><strong>5</strong></span> <span class='ocrx_word' id='word_1_507' title='bbox 609 2342 623 2359; x_wconf 85' lang='lat' dir='ltr'><strong>e</strong></span> <span class='ocrx_word' id='word_1_508' title='bbox 637 2333 663 2364; x_wconf 87' lang='grc'><strong>6)</strong></span> <span class='ocrx_word' id='word_1_509' title='bbox 677 2342 692 2358; x_wconf 91' lang='grc'><strong>3</strong></span> <span class='ocrx_word' id='word_1_510' title='bbox 706 2332 925 2363; x_wconf 78' lang='lat' dir='ltr'><strong>Sant’Eufemia‚</strong></span> <span class='ocrx_word' id='word_1_511' title='bbox 940 2335 969 2359; x_wconf 86' lang='lat' dir='ltr'><strong>in</strong></span> <span class='ocrx_word' id='word_1_512' title='bbox 984 2334 1126 2360; x_wconf 83' lang='lat' dir='ltr'><strong>Calabria.</strong></span> <span class='ocrx_word' id='word_1_513' title='bbox 1165 2335 1239 2364; x_wconf 88' lang='lat' dir='ltr'><strong>Que-</strong></span> 
     </span>
     <span class='ocr_line' id='line_1_44' title="bbox 347 2376 1240 2406; baseline 0.002 -5"><span class='ocrx_word' id='word_1_514' title='bbox 347 2378 385 2401; x_wconf 78' lang='lat' dir='ltr'><strong>sti</strong></span> <span class='ocrx_word' id='word_1_515' title='bbox 407 2377 482 2406; x_wconf 76' lang='lat' dir='ltr'><strong>fatti,</strong></span> <span class='ocrx_word' id='word_1_516' title='bbox 508 2377 558 2401; x_wconf 90' lang='lat' dir='ltr'><strong>che</strong></span> <span class='ocrx_word' id='word_1_517' title='bbox 583 2376 606 2401; x_wconf 84' lang='lat' dir='ltr'><strong>il</strong></span> <span class='ocrx_word' id='word_1_518' title='bbox 630 2376 669 2400; x_wconf 89' lang='lat' dir='ltr'><strong>M.</strong></span> <span class='ocrx_word' id='word_1_519' title='bbox 695 2376 807 2401; x_wconf 82' lang='lat' dir='ltr'><strong>ricorda</strong></span> <span class='ocrx_word' id='word_1_520' title='bbox 832 2384 911 2401; x_wconf 86' lang='lat' dir='ltr'><strong>come</strong></span> <span class='ocrx_word' id='word_1_521' title='bbox 935 2377 1034 2402; x_wconf 88' lang='lat' dir='ltr'><strong>alcune</strong></span> <span class='ocrx_word' id='word_1_522' title='bbox 1060 2378 1133 2403; x_wconf 90' lang='lat' dir='ltr'><strong>delle</strong></span> <span class='ocrx_word' id='word_1_523' title='bbox 1158 2386 1240 2403; x_wconf 83' lang='lat' dir='ltr'><strong>cause</strong></span> 
     </span>
     <span class='ocr_line' id='line_1_45' title="bbox 347 2417 1240 2453; baseline 0.001 -10"><span class='ocrx_word' id='word_1_524' title='bbox 347 2418 421 2443; x_wconf 83' lang='lat' dir='ltr'><strong>delle</strong></span> <span class='ocrx_word' id='word_1_525' title='bbox 439 2417 550 2443; x_wconf 60' lang='lat' dir='ltr'><strong>ostilia</strong></span> <span class='ocrx_word' id='word_1_526' title='bbox 569 2419 600 2443; x_wconf 84' lang='lat' dir='ltr'><strong>di</strong></span> <span class='ocrx_word' id='word_1_527' title='bbox 618 2417 746 2442; x_wconf 85' lang='lat' dir='ltr'><strong>Roberto</strong></span> <span class='ocrx_word' id='word_1_528' title='bbox 766 2417 925 2443; x_wconf 86' lang='lat' dir='ltr'><strong>Guiscardo</strong></span> <span class='ocrx_word' id='word_1_529' title='bbox 945 2421 1046 2444; x_wconf 84' lang='lat' dir='ltr'><strong>contro</strong></span> <span class='ocrx_word' id='word_1_530' title='bbox 1065 2420 1086 2444; x_wconf 84' lang='lat' dir='ltr'><strong>il</strong></span> <span class='ocrx_word' id='word_1_531' title='bbox 1109 2421 1240 2453; x_wconf 86' lang='lat' dir='ltr'><strong>principe</strong></span> 
     </span>
     <span class='ocr_line' id='line_1_46' title="bbox 349 2459 1240 2493; baseline 0.003 -9"><span class='ocrx_word' id='word_1_532' title='bbox 349 2460 378 2484; x_wconf 87' lang='lat' dir='ltr'><strong>di</strong></span> <span class='ocrx_word' id='word_1_533' title='bbox 401 2459 529 2490; x_wconf 81' lang='lat' dir='ltr'><strong>Salei-no,</strong></span> <span class='ocrx_word' id='word_1_534' title='bbox 553 2467 625 2485; x_wconf 80' lang='lat' dir='ltr'><strong>sono</strong></span> <span class='ocrx_word' id='word_1_535' title='bbox 650 2460 791 2485; x_wconf 83' lang='lat' dir='ltr'><strong>anteriori</strong></span> <span class='ocrx_word' id='word_1_536' title='bbox 814 2461 842 2485; x_wconf 80' lang='lat' dir='ltr'><strong>al</strong></span> <span class='ocrx_word' id='word_1_537' title='bbox 870 2465 946 2493; x_wconf 83' lang='lat'>1⁰7²·</span> <span class='ocrx_word' id='word_1_538' title='bbox 984 2460 1030 2486; x_wconf 87' lang='lat' dir='ltr'><strong>Cf.</strong></span> <span class='ocrx_word' id='word_1_539' title='bbox 1056 2462 1094 2487; x_wconf 91' lang='lat' dir='ltr'><strong>M.</strong></span> <span class='ocrx_word' id='word_1_540' title='bbox 1120 2463 1240 2492; x_wconf 78' lang='lat' dir='ltr'><strong>Scnn’A,</strong></span> 
     </span>
     <span class='ocr_line' id='line_1_47' title="bbox 349 2502 1240 2535; baseline 0.003 -9"><span class='ocrx_word' id='word_1_541' title='bbox 349 2503 441 2527; x_wconf 77' lang='lat' dir='ltr'><strong>Storz&#39;a</strong></span> <span class='ocrx_word' id='word_1_542' title='bbox 466 2504 512 2527; x_wconf 80' lang='lat' dir='ltr'><strong>del</strong></span> <span class='ocrx_word' id='word_1_543' title='bbox 528 2502 687 2534; x_wconf 60' lang='lat' dir='ltr'><strong>Princaspato</strong></span> <span class='ocrx_word' id='word_1_544' title='bbox 706 2503 871 2534; x_wconf 77' lang='lat' dir='ltr'><strong>longobardo</strong></span> <span class='ocrx_word' id='word_1_545' title='bbox 890 2503 920 2527; x_wconf 81' lang='lat' dir='ltr'><strong>di</strong></span> <span class='ocrx_word' id='word_1_546' title='bbox 938 2503 1061 2535; x_wconf 83' lang='lat' dir='ltr'><strong>Salerno,</strong></span> <span class='ocrx_word' id='word_1_547' title='bbox 1079 2505 1109 2528; x_wconf 87' lang='lat' dir='ltr'><strong>in</strong></span> <span class='ocrx_word' id='word_1_548' title='bbox 1129 2505 1240 2529; x_wconf 89' lang='lat' dir='ltr'><strong>Arch.</strong></span> 
     </span>
     <span class='ocr_line' id='line_1_48' title="bbox 348 2544 1239 2578; baseline 0.003 -10"><span class='ocrx_word' id='word_1_549' title='bbox 348 2545 488 2569; x_wconf 85' lang='lat' dir='ltr'><strong>storico</strong></span> <span class='ocrx_word' id='word_1_550' title='bbox 514 2544 612 2568; x_wconf 86' lang='lat' dir='ltr'><strong>delle</strong></span> <span class='ocrx_word' id='word_1_551' title='bbox 630 2544 743 2568; x_wconf 85' lang='lat' dir='ltr'><strong>Prov.</strong></span> <span class='ocrx_word' id='word_1_552' title='bbox 764 2545 908 2576; x_wconf 86' lang='lat' dir='ltr'><strong>napol.‚</strong></span> <span class='ocrx_word' id='word_1_553' title='bbox 925 2544 978 2569; x_wconf 88' lang='lat' dir='ltr'><strong>XII</strong></span> <span class='ocrx_word' id='word_1_554' title='bbox 998 2544 1099 2578; x_wconf 86' lang='lat'><strong>(1887),</strong></span> <span class='ocrx_word' id='word_1_555' title='bbox 1120 2545 1178 2578; x_wconf 86' lang='lat'><strong>563.</strong></span> <span class='ocrx_word' id='word_1_556' title='bbox 1215 2546 1239 2571; x_wconf 83' lang='lat'><strong>11</strong></span> 
     </span>
     <span class='ocr_line' id='line_1_49' title="bbox 350 2585 1239 2619; baseline 0.004 -9"><span class='ocrx_word' id='word_1_557' title='bbox 350 2585 472 2619; x_wconf 85' lang='lat' dir='ltr'><strong>“portus</strong></span> <span class='ocrx_word' id='word_1_558' title='bbox 490 2587 575 2618; x_wconf 80' lang='lat' dir='ltr'><strong>Fici„</strong></span> <span class='ocrx_word' id='word_1_559' title='bbox 595 2594 627 2611; x_wconf 81' lang='lat' dir='ltr'><strong>su</strong></span> <span class='ocrx_word' id='word_1_560' title='bbox 646 2588 813 2611; x_wconf 76' lang='lat' dir='ltr'><strong>mentovato</strong></span> <span class='ocrx_word' id='word_1_561' title='bbox 833 2587 966 2618; x_wconf 87' lang='lat' dir='ltr'><strong>potrebbe</strong></span> <span class='ocrx_word' id='word_1_562' title='bbox 986 2587 1171 2613; x_wconf 83' lang='lat' dir='ltr'><strong>identificarsi</strong></span> <span class='ocrx_word' id='word_1_563' title='bbox 1184 2596 1239 2614; x_wconf 88' lang='lat' dir='ltr'><strong>con</strong></span> 
     </span>
     <span class='ocr_line' id='line_1_50' title="bbox 348 2627 1239 2661; baseline 0.003 -9"><span class='ocrx_word' id='word_1_564' title='bbox 348 2627 475 2653; x_wconf 81' lang='lat' dir='ltr'><strong>l’attuale</strong></span> <span class='ocrx_word' id='word_1_565' title='bbox 493 2628 611 2657; x_wconf 85' lang='lat' dir='ltr'><strong>Portici‚</strong></span> <span class='ocrx_word' id='word_1_566' title='bbox 630 2630 705 2653; x_wconf 82' lang='lat' dir='ltr'><strong>terra</strong></span> <span class='ocrx_word' id='word_1_567' title='bbox 725 2628 817 2653; x_wconf 83' lang='lat' dir='ltr'><strong>allora</strong></span> <span class='ocrx_word' id='word_1_568' title='bbox 836 2635 981 2661; x_wconf 67' lang='lat' dir='ltr'><strong>compress</strong></span> <span class='ocrx_word' id='word_1_569' title='bbox 1000 2629 1047 2654; x_wconf 83' lang='lat' dir='ltr'><strong>nei</strong></span> <span class='ocrx_word' id='word_1_570' title='bbox 1066 2630 1172 2655; x_wconf 86' lang='lat' dir='ltr'><strong>confini</strong></span> <span class='ocrx_word' id='word_1_571' title='bbox 1195 2631 1239 2655; x_wconf 88' lang='lat' dir='ltr'><strong>del</strong></span> 
     </span>
     <span class='ocr_line' id='line_1_51' title="bbox 348 2670 642 2704; baseline 0.003 -10"><span class='ocrx_word' id='word_1_572' title='bbox 348 2671 458 2695; x_wconf 90' lang='lat' dir='ltr'><strong>Ducato</strong></span> <span class='ocrx_word' id='word_1_573' title='bbox 478 2671 507 2694; x_wconf 84' lang='lat' dir='ltr'><strong>di</strong></span> <span class='ocrx_word' id='word_1_574' title='bbox 526 2670 642 2704; x_wconf 81' lang='lat' dir='ltr'><strong>Napoli.</strong></span> 
     </span>
    </p>

    <p class='ocr_par' dir='ltr' id='par_1_18' title="bbox 344 2710 1240 3039">
     <span class='ocr_line' id='line_1_52' title="bbox 436 2710 1239 2745; baseline 0.004 -9"><span class='ocrx_word' id='word_1_575' title='bbox 436 2710 447 2727; x_wconf 79' lang='lat'>²</span> <span class='ocrx_word' id='word_1_576' title='bbox 462 2712 627 2737; x_wconf 81' lang='lat' dir='ltr'><strong>Guaimario</strong></span> <span class='ocrx_word' id='word_1_577' title='bbox 641 2713 674 2737; x_wconf 93' lang='lat' dir='ltr'><strong>V.</strong></span> <span class='ocrx_word' id='word_1_578' title='bbox 711 2711 859 2737; x_wconf 70' lang='lat' dir='ltr'><strong>Senonehe</strong></span> <span class='ocrx_word' id='word_1_579' title='bbox 878 2713 899 2737; x_wconf 88' lang='lat' dir='ltr'><strong>il</strong></span> <span class='ocrx_word' id='word_1_580' title='bbox 919 2713 958 2738; x_wconf 93' lang='lat' dir='ltr'><strong>M.</strong></span> <span class='ocrx_word' id='word_1_581' title='bbox 977 2714 1044 2738; x_wconf 82' lang='lat' dir='ltr'><strong>nota</strong></span> <span class='ocrx_word' id='word_1_582' title='bbox 1064 2716 1162 2745; x_wconf 86' lang='lat' dir='ltr'><strong>questo</strong></span> <span class='ocrx_word' id='word_1_583' title='bbox 1177 2715 1239 2739; x_wconf 85' lang='lat' dir='ltr'><strong>solo</strong></span> 
     </span>
     <span class='ocr_line' id='line_1_53' title="bbox 349 2754 1239 2786; baseline 0.003 -8"><span class='ocrx_word' id='word_1_584' title='bbox 349 2755 458 2786; x_wconf 76' lang='lat' dir='ltr'><strong>nspetto</strong></span> <span class='ocrx_word' id='word_1_585' title='bbox 478 2754 551 2779; x_wconf 88' lang='lat' dir='ltr'><strong>delle</strong></span> <span class='ocrx_word' id='word_1_586' title='bbox 563 2754 668 2786; x_wconf 88' lang='lat' dir='ltr'><strong>lunghe</strong></span> <span class='ocrx_word' id='word_1_587' title='bbox 682 2754 809 2779; x_wconf 57' lang='lat' dir='ltr'><strong>ostilia:</strong></span> <span class='ocrx_word' id='word_1_588' title='bbox 823 2755 948 2785; x_wconf 81' lang='lat' dir='ltr'><strong>sorvola,</strong></span> <span class='ocrx_word' id='word_1_589' title='bbox 963 2755 1073 2786; x_wconf 78' lang='lat' dir='ltr'><strong>insatti,</strong></span> <span class='ocrx_word' id='word_1_590' title='bbox 1086 2756 1127 2780; x_wconf 87' lang='lat' dir='ltr'><strong>sul</strong></span> <span class='ocrx_word' id='word_1_591' title='bbox 1140 2756 1239 2781; x_wconf 89' lang='lat' dir='ltr'><strong>blocco</strong></span> 
     </span>
     <span class='ocr_line' id='line_1_54' title="bbox 349 2795 1240 2830; baseline 0.003 -10"><span class='ocrx_word' id='word_1_592' title='bbox 349 2796 399 2820; x_wconf 88' lang='lat' dir='ltr'><strong>che</strong></span> <span class='ocrx_word' id='word_1_593' title='bbox 423 2795 540 2820; x_wconf 80' lang='lat' dir='ltr'><strong>Glsulfo</strong></span> <span class='ocrx_word' id='word_1_594' title='bbox 559 2804 627 2828; x_wconf 87' lang='lat' dir='ltr'><strong>pose</strong></span> <span class='ocrx_word' id='word_1_595' title='bbox 646 2804 678 2821; x_wconf 84' lang='lat' dir='ltr'><strong>su</strong></span> <span class='ocrx_word' id='word_1_596' title='bbox 697 2797 808 2828; x_wconf 84' lang='lat' dir='ltr'><strong>Amalfi,</strong></span> <span class='ocrx_word' id='word_1_597' title='bbox 829 2797 903 2821; x_wconf 83' lang='lat' dir='ltr'><strong>sulla</strong></span> <span class='ocrx_word' id='word_1_598' title='bbox 921 2798 1075 2822; x_wconf 76' lang='lat' dir='ltr'><strong>resistenzn</strong></span> <span class='ocrx_word' id='word_1_599' title='bbox 1094 2798 1124 2822; x_wconf 88' lang='lat' dir='ltr'><strong>di</strong></span> <span class='ocrx_word' id='word_1_600' title='bbox 1143 2801 1240 2830; x_wconf 81' lang='lat' dir='ltr'><strong>questa</strong></span> 
     </span>
     <span class='ocr_line' id='line_1_55' title="bbox 349 2838 1240 2872; baseline 0.004 -10"><span class='ocrx_word' id='word_1_601' title='bbox 349 2845 363 2862; x_wconf 89' lang='lat' dir='ltr'><strong>e</strong></span> <span class='ocrx_word' id='word_1_602' title='bbox 382 2838 454 2863; x_wconf 81' lang='lat' dir='ltr'><strong>sulla</strong></span> <span class='ocrx_word' id='word_1_603' title='bbox 479 2838 627 2863; x_wconf 87' lang='lat' dir='ltr'><strong>dedizione</strong></span> <span class='ocrx_word' id='word_1_604' title='bbox 646 2839 703 2868; x_wconf 88' lang='lat' dir='ltr'><strong>che,</strong></span> <span class='ocrx_word' id='word_1_605' title='bbox 723 2840 800 2872; x_wconf 85' lang='lat' dir='ltr'><strong>dopo</strong></span> <span class='ocrx_word' id='word_1_606' title='bbox 819 2839 847 2864; x_wconf 87' lang='lat' dir='ltr'><strong>la</strong></span> <span class='ocrx_word' id='word_1_607' title='bbox 869 2841 959 2864; x_wconf 87' lang='lat' dir='ltr'><strong>morte</strong></span> <span class='ocrx_word' id='word_1_608' title='bbox 978 2839 1150 2865; x_wconf 87' lang='lat' dir='ltr'><strong>dell’ultimo</strong></span> <span class='ocrx_word' id='word_1_609' title='bbox 1170 2841 1240 2866; x_wconf 88' lang='lat' dir='ltr'><strong>duca</strong></span> 
     </span>
     <span class='ocr_line' id='line_1_56' title="bbox 344 2872 1240 2912; baseline 0.006 -9"><span class='ocrx_word' id='word_1_610' title='bbox 344 2872 448 2912; x_wconf 50' lang='lat' dir='ltr'><strong>¹Sergio</strong></span> <span class='ocrx_word' id='word_1_611' title='bbox 466 2879 513 2909; x_wconf 89' lang='lat' dir='ltr'><strong>VI,</strong></span> <span class='ocrx_word' id='word_1_612' title='bbox 534 2882 541 2904; x_wconf 88' lang='lat' dir='ltr'><strong>i</strong></span> <span class='ocrx_word' id='word_1_613' title='bbox 562 2882 623 2905; x_wconf 82' lang='lat' dir='ltr'><strong>suoi</strong></span> <span class='ocrx_word' id='word_1_614' title='bbox 649 2881 783 2906; x_wconf 79' lang='lat' dir='ltr'><strong>cittadini</strong></span> <span class='ocrx_word' id='word_1_615' title='bbox 811 2882 918 2906; x_wconf 81' lang='lat' dir='ltr'><strong>invano</strong></span> <span class='ocrx_word' id='word_1_616' title='bbox 946 2882 1057 2906; x_wconf 86' lang='lat' dir='ltr'><strong>vollero</strong></span> <span class='ocrx_word' id='word_1_617' title='bbox 1083 2882 1142 2907; x_wconf 81' lang='lat' dir='ltr'><strong>fare</strong></span> <span class='ocrx_word' id='word_1_618' title='bbox 1167 2884 1240 2908; x_wconf 85' lang='lat' dir='ltr'><strong>nelle</strong></span> 
     </span>
     <span class='ocr_line' id='line_1_57' title="bbox 350 2921 1239 2955; baseline 0.006 -11"><span class='ocrx_word' id='word_1_619' title='bbox 350 2922 424 2944; x_wconf 84' lang='lat' dir='ltr'><strong>mani</strong></span> <span class='ocrx_word' id='word_1_620' title='bbox 444 2922 519 2946; x_wconf 82' lang='lat' dir='ltr'><strong>della</strong></span> <span class='ocrx_word' id='word_1_621' title='bbox 542 2921 654 2947; x_wconf 85' lang='lat' dir='ltr'><strong>Chiesa.</strong></span> <span class='ocrx_word' id='word_1_622' title='bbox 690 2922 732 2948; x_wconf 70' lang='lat' dir='ltr'><strong>Ne</strong></span> <span class='ocrx_word' id='word_1_623' title='bbox 751 2923 772 2947; x_wconf 90' lang='lat' dir='ltr'><strong>il</strong></span> <span class='ocrx_word' id='word_1_624' title='bbox 792 2923 827 2947; x_wconf 88' lang='lat' dir='ltr'><strong>N.</strong></span> <span class='ocrx_word' id='word_1_625' title='bbox 847 2930 969 2948; x_wconf 85' lang='lat' dir='ltr'><strong>conosce</strong></span> <span class='ocrx_word' id='word_1_626' title='bbox 987 2924 1120 2955; x_wconf 81' lang='lat' dir='ltr'><strong>qualcosa</strong></span> <span class='ocrx_word' id='word_1_627' title='bbox 1139 2925 1183 2949; x_wconf 90' lang='lat' dir='ltr'><strong>del</strong></span> <span class='ocrx_word' id='word_1_628' title='bbox 1204 2927 1239 2949; x_wconf 88' lang='lat' dir='ltr'><strong>ri-</strong></span> 
     </span>
     <span class='ocr_line' id='line_1_58' title="bbox 349 2962 1240 2998; baseline 0.007 -13"><span class='ocrx_word' id='word_1_629' title='bbox 349 2962 417 2986; x_wconf 76' lang='lat' dir='ltr'><strong>suto</strong></span> <span class='ocrx_word' id='word_1_630' title='bbox 436 2965 556 2995; x_wconf 84' lang='lat' dir='ltr'><strong>opposto</strong></span> <span class='ocrx_word' id='word_1_631' title='bbox 576 2965 611 2988; x_wconf 86' lang='lat' dir='ltr'><strong>da</strong></span> <span class='ocrx_word' id='word_1_632' title='bbox 630 2963 771 2997; x_wconf 87' lang='lat' dir='ltr'><strong>Gregorio</strong></span> <span class='ocrx_word' id='word_1_633' title='bbox 786 2965 839 2990; x_wconf 89' lang='lat' dir='ltr'><strong>VII</strong></span> <span class='ocrx_word' id='word_1_634' title='bbox 857 2966 884 2989; x_wconf 88' lang='lat' dir='ltr'><strong>ai</strong></span> <span class='ocrx_word' id='word_1_635' title='bbox 905 2964 1028 2989; x_wconf 80' lang='lat' dir='ltr'><strong>desideri</strong></span> <span class='ocrx_word' id='word_1_636' title='bbox 1048 2965 1125 2998; x_wconf 89' lang='lat' dir='ltr'><strong>degli</strong></span> <span class='ocrx_word' id='word_1_637' title='bbox 1143 2966 1240 2991; x_wconf 79' lang='lat' dir='ltr'><strong>Amal-</strong></span> 
     </span>
     <span class='ocr_line' id='line_1_59' title="bbox 350 3002 1239 3039; baseline 0.006 -12"><span class='ocrx_word' id='word_1_638' title='bbox 350 3002 440 3028; x_wconf 76' lang='lat' dir='ltr'><strong>fitani.</strong></span> <span class='ocrx_word' id='word_1_639' title='bbox 476 3004 489 3028; x_wconf 93' lang='lat'>1</span> <span class='ocrx_word' id='word_1_640' title='bbox 513 3005 591 3036; x_wconf 81' lang='lat' dir='ltr'><strong>quali</strong></span> <span class='ocrx_word' id='word_1_641' title='bbox 612 3006 710 3036; x_wconf 73' lang='lat' dir='ltr'><strong>allon,</strong></span> <span class='ocrx_word' id='word_1_642' title='bbox 729 3007 873 3039; x_wconf 80' lang='lat' dir='ltr'><strong>pluttosto</strong></span> <span class='ocrx_word' id='word_1_643' title='bbox 891 3006 943 3031; x_wconf 88' lang='lat' dir='ltr'><strong>che</strong></span> <span class='ocrx_word' id='word_1_644' title='bbox 961 3006 1135 3033; x_wconf 78' lang='lat' dir='ltr'><strong>avvieinarsi</strong></span> <span class='ocrx_word' id='word_1_645' title='bbox 1156 3016 1171 3032; x_wconf 87' lang='grc'><strong>3</strong></span> <span class='ocrx_word' id='word_1_646' title='bbox 1191 3007 1239 3032; x_wconf 89' lang='lat' dir='ltr'><strong>Gi-</strong></span> 
     </span>
    </p>
   </div>
   <div class='ocr_carea' id='block_1_14' title="bbox 1293 2244 2224 2284">
    <p class='ocr_par' dir='ltr' id='par_1_19' title="bbox 1293 2244 2235 2291">
     <span class='ocr_line' id='line_1_60' title="bbox 1293 2244 2224 2284; baseline 0 -8"><span class='ocrx_word' id='word_1_647' title='bbox 1293 2251 1378 2283; x_wconf 82' lang='lat' dir='ltr'><strong>sulfo,</strong></span> <span class='ocrx_word' id='word_1_648' title='bbox 1398 2251 1519 2276; x_wconf 83' lang='lat' dir='ltr'><strong>secondo</strong></span> <span class='ocrx_word' id='word_1_649' title='bbox 1543 2251 1566 2276; x_wconf 88' lang='lat' dir='ltr'><strong>il</strong></span> <span class='ocrx_word' id='word_1_650' title='bbox 1586 2251 1731 2284; x_wconf 76' lang='lat' dir='ltr'><strong>consigno</strong></span> <span class='ocrx_word' id='word_1_651' title='bbox 1749 2251 1908 2284; x_wconf 79' lang='lat' dir='ltr'><strong>pontificio,</strong></span> <span class='ocrx_word' id='word_1_652' title='bbox 1928 2252 2085 2284; x_wconf 78' lang='lat' dir='ltr'><strong>piegarono</strong></span> <span class='ocrx_word' id='word_1_653' title='bbox 2109 2258 2191 2276; x_wconf 72' lang='lat' dir='ltr'><strong>verso</strong></span> <span class='ocrx_word' id='word_1_654' title='bbox 2222 2244 2224 2254; x_wconf 61' lang='lat'>³</span> 
     </span>
    </p>
   </div>
   <div class='ocr_carea' id='block_1_15' title="bbox 1295 2292 2191 2326">
    <p class='ocr_par' dir='ltr' id='par_1_20' title="bbox 1295 2287 2236 2327">
     <span class='ocr_line' id='line_1_61' title="bbox 1295 2292 2191 2326; baseline 0.001 -9"><span class='ocrx_word' id='word_1_655' title='bbox 1295 2293 1315 2316; x_wconf 91' lang='lat' dir='ltr'><strong>il</strong></span> <span class='ocrx_word' id='word_1_656' title='bbox 1335 2293 1407 2317; x_wconf 87' lang='lat' dir='ltr'><strong>duca</strong></span> <span class='ocrx_word' id='word_1_657' title='bbox 1426 2293 1456 2317; x_wconf 87' lang='lat' dir='ltr'><strong>di</strong></span> <span class='ocrx_word' id='word_1_658' title='bbox 1475 2292 1592 2325; x_wconf 84' lang='lat' dir='ltr'><strong>Puglia:</strong></span> <span class='ocrx_word' id='word_1_659' title='bbox 1612 2293 1686 2317; x_wconf 87' lang='lat' dir='ltr'><strong>onde</strong></span> <span class='ocrx_word' id='word_1_660' title='bbox 1705 2300 1762 2317; x_wconf 92' lang='lat' dir='ltr'><strong>uno</strong></span> <span class='ocrx_word' id='word_1_661' title='bbox 1781 2294 1857 2318; x_wconf 78' lang='lat' dir='ltr'><strong>stato</strong></span> <span class='ocrx_word' id='word_1_662' title='bbox 1877 2292 1908 2317; x_wconf 86' lang='lat' dir='ltr'><strong>di</strong></span> <span class='ocrx_word' id='word_1_663' title='bbox 1927 2299 2028 2324; x_wconf 75' lang='lat' dir='ltr'><strong>guerra</strong></span> <span class='ocrx_word' id='word_1_664' title='bbox 2051 2292 2191 2326; x_wconf 70' lang='lat' dir='ltr'><strong>generale·</strong></span> 
     </span>
    </p>
   </div>
   <div class='ocr_carea' id='block_1_16' title="bbox 1293 2331 2227 2367">
    <p class='ocr_par' dir='ltr' id='par_1_21' title="bbox 1293 2331 2227 2367">
     <span class='ocr_line' id='line_1_62' title="bbox 1293 2331 2227 2367; baseline 0.001 -8"><span class='ocrx_word' id='word_1_665' title='bbox 1293 2335 1390 2360; x_wconf 90' lang='lat' dir='ltr'><strong>Siamo</strong></span> <span class='ocrx_word' id='word_1_666' title='bbox 1403 2335 1461 2360; x_wconf 73' lang='lat' dir='ltr'><strong>cosi</strong></span> <span class='ocrx_word' id='word_1_667' title='bbox 1477 2335 1535 2359; x_wconf 80' lang='lat' dir='ltr'><strong>alla</strong></span> <span class='ocrx_word' id='word_1_668' title='bbox 1548 2335 1602 2360; x_wconf 86' lang='lat' dir='ltr'><strong>fine</strong></span> <span class='ocrx_word' id='word_1_669' title='bbox 1615 2334 1659 2359; x_wconf 93' lang='lat' dir='ltr'><strong>del</strong></span> <span class='ocrx_word' id='word_1_670' title='bbox 1677 2340 1753 2367; x_wconf 84' lang='lat'><strong>1073,</strong></span> <span class='ocrx_word' id='word_1_671' title='bbox 1774 2335 1803 2359; x_wconf 89' lang='lat' dir='ltr'><strong>di</strong></span> <span class='ocrx_word' id='word_1_672' title='bbox 1815 2335 1879 2367; x_wconf 86' lang='lat' dir='ltr'><strong>quel</strong></span> <span class='ocrx_word' id='word_1_673' title='bbox 1899 2335 2085 2360; x_wconf 76' lang='lat' dir='ltr'><strong>drammatico</strong></span> <span class='ocrx_word' id='word_1_674' title='bbox 2103 2342 2190 2365; x_wconf 75' lang='lat' dir='ltr'><strong>anuo,</strong></span> <span class='ocrx_word' id='word_1_675' title='bbox 2219 2331 2227 2345; x_wconf 68' lang='lat'><em>³</em></span> 
     </span>
    </p>
   </div>
   <div class='ocr_carea' id='block_1_17' title="bbox 1295 2374 2234 2452">
    <p class='ocr_par' dir='ltr' id='par_1_22' title="bbox 1295 2374 2234 2452">
     <span class='ocr_line' id='line_1_63' title="bbox 1295 2374 2234 2409; baseline 0.003 -8"><span class='ocrx_word' id='word_1_676' title='bbox 1295 2377 1358 2402; x_wconf 88' lang='lat' dir='ltr'><strong>vale</strong></span> <span class='ocrx_word' id='word_1_677' title='bbox 1377 2385 1393 2401; x_wconf 85' lang='lat' dir='ltr'><strong>a</strong></span> <span class='ocrx_word' id='word_1_678' title='bbox 1413 2377 1480 2408; x_wconf 88' lang='lat' dir='ltr'><strong>dire,</strong></span> <span class='ocrx_word' id='word_1_679' title='bbox 1501 2378 1532 2402; x_wconf 89' lang='lat' dir='ltr'><strong>in</strong></span> <span class='ocrx_word' id='word_1_680' title='bbox 1552 2379 1607 2407; x_wconf 82' lang='lat' dir='ltr'><strong>cui,</strong></span> <span class='ocrx_word' id='word_1_681' title='bbox 1626 2374 1677 2409; x_wconf 83' lang='lat' dir='ltr'><strong>piii</strong></span> <span class='ocrx_word' id='word_1_682' title='bbox 1695 2377 1746 2402; x_wconf 85' lang='lat' dir='ltr'><strong>che</strong></span> <span class='ocrx_word' id='word_1_683' title='bbox 1765 2377 1830 2409; x_wconf 82' lang='lat' dir='ltr'><strong>mai,</strong></span> <span class='ocrx_word' id='word_1_684' title='bbox 1851 2377 2041 2402; x_wconf 79' lang='lat' dir='ltr'><strong>chiaramente</strong></span> <span class='ocrx_word' id='word_1_685' title='bbox 2058 2378 2084 2402; x_wconf 80' lang='lat' dir='ltr'><strong>si</strong></span> <span class='ocrx_word' id='word_1_686' title='bbox 2097 2375 2190 2403; x_wconf 57' lang='lat' dir='ltr'><strong>rivel&amp;</strong></span> <span class='ocrx_word' id='word_1_687' title='bbox 2224 2375 2234 2404; x_wconf 48' lang='grc' dir='ltr'><strong>’ἶ</strong></span> 
     </span>
     <span class='ocr_line' id='line_1_64' title="bbox 1295 2417 2231 2452; baseline 0.002 -9"><span class='ocrx_word' id='word_1_688' title='bbox 1295 2419 1418 2444; x_wconf 85' lang='lat' dir='ltr'><strong>l’ultima</strong></span> <span class='ocrx_word' id='word_1_689' title='bbox 1437 2427 1452 2444; x_wconf 90' lang='lat' dir='ltr'><strong>e</strong></span> <span class='ocrx_word' id='word_1_690' title='bbox 1470 2420 1499 2443; x_wconf 88' lang='lat' dir='ltr'><strong>la</strong></span> <span class='ocrx_word' id='word_1_691' title='bbox 1518 2417 1568 2452; x_wconf 73' lang='lat' dir='ltr'><strong>pii:</strong></span> <span class='ocrx_word' id='word_1_692' title='bbox 1588 2419 1718 2444; x_wconf 78' lang='lat' dir='ltr'><strong>violenta</strong></span> <span class='ocrx_word' id='word_1_693' title='bbox 1737 2419 1803 2444; x_wconf 84' lang='lat' dir='ltr'><strong>crisi</strong></span> <span class='ocrx_word' id='word_1_694' title='bbox 1824 2418 1901 2443; x_wconf 89' lang='lat' dir='ltr'><strong>dello</strong></span> <span class='ocrx_word' id='word_1_695' title='bbox 1921 2420 1996 2444; x_wconf 75' lang='lat' dir='ltr'><strong>stato</strong></span> <span class='ocrx_word' id='word_1_696' title='bbox 2014 2419 2138 2452; x_wconf 82' lang='lat' dir='ltr'><strong>polltlco</strong></span> <span class='ocrx_word' id='word_1_697' title='bbox 2158 2419 2190 2445; x_wconf 79' lang='lat' dir='ltr'><strong>&lt;u</strong></span> <span class='ocrx_word' id='word_1_698' title='bbox 2229 2447 2231 2450; x_wconf 62' lang='grc'><em>,</em></span> 
     </span>
    </p>
   </div>
   <div class='ocr_carea' id='block_1_18' title="bbox 1294 2458 2225 2498">
    <p class='ocr_par' dir='ltr' id='par_1_23' title="bbox 1294 2458 2225 2498">
     <span class='ocr_line' id='line_1_65' title="bbox 1294 2458 2225 2498; baseline 0.001 -12"><span class='ocrx_word' id='word_1_699' title='bbox 1294 2463 1393 2493; x_wconf 81' lang='lat' dir='ltr'><strong>questa</strong></span> <span class='ocrx_word' id='word_1_700' title='bbox 1416 2461 1502 2486; x_wconf 83' lang='lat' dir='ltr'><strong>Italia</strong></span> <span class='ocrx_word' id='word_1_701' title='bbox 1528 2461 1573 2486; x_wconf 89' lang='lat' dir='ltr'><strong>del</strong></span> <span class='ocrx_word' id='word_1_702' title='bbox 1598 2462 1808 2493; x_wconf 87' lang='lat' dir='ltr'><strong>mezzogiorno‚</strong></span> <span class='ocrx_word' id='word_1_703' title='bbox 1834 2461 1960 2494; x_wconf 80' lang='lat' dir='ltr'><strong>l&#39;agonia</strong></span> <span class='ocrx_word' id='word_1_704' title='bbox 1979 2460 2065 2487; x_wconf 76' lang='lat' dir='ltr'><strong>d’una</strong></span> <span class='ocrx_word' id='word_1_705' title='bbox 2082 2458 2191 2487; x_wconf 54' lang='lat' dir='ltr'><strong>socie&amp;</strong></span> <span class='ocrx_word' id='word_1_706' title='bbox 2220 2479 2225 2498; x_wconf 44' lang='grc' dir='ltr'>ς</span> 
     </span>
    </p>
   </div>
   <div class='ocr_carea' id='block_1_19' title="bbox 1293 2501 2286 2678">
    <p class='ocr_par' dir='ltr' id='par_1_24' title="bbox 1293 2501 2286 2665">
     <span class='ocr_line' id='line_1_66' title="bbox 1294 2501 2286 2536; baseline 0 -8"><span class='ocrx_word' id='word_1_707' title='bbox 1294 2503 1424 2536; x_wconf 84' lang='lat' dir='ltr'><strong>logorata</strong></span> <span class='ocrx_word' id='word_1_708' title='bbox 1445 2504 1479 2528; x_wconf 89' lang='lat' dir='ltr'><strong>da</strong></span> <span class='ocrx_word' id='word_1_709' title='bbox 1502 2505 1594 2536; x_wconf 65' lang='lat' dir='ltr'><strong>grette</strong></span> <span class='ocrx_word' id='word_1_710' title='bbox 1619 2511 1634 2528; x_wconf 92' lang='lat' dir='ltr'><strong>e</strong></span> <span class='ocrx_word' id='word_1_711' title='bbox 1658 2503 1802 2528; x_wconf 81' lang='lat' dir='ltr'><strong>meschina</strong></span> <span class='ocrx_word' id='word_1_712' title='bbox 1827 2503 1957 2536; x_wconf 82' lang='lat' dir='ltr'><strong>politica,</strong></span> <span class='ocrx_word' id='word_1_713' title='bbox 1983 2501 2203 2529; x_wconf 27' lang='lat' dir='ltr'><strong>dan’nnarehln*</strong></span> <span class='ocrx_word' id='word_1_714' title='bbox 2283 2521 2286 2535; x_wconf 53' lang='lat'>2</span> 
     </span>
     <span class='ocr_line' id='line_1_67' title="bbox 1294 2545 2285 2579; baseline 0.001 -9"><span class='ocrx_word' id='word_1_715' title='bbox 1294 2547 1408 2570; x_wconf 85' lang='lat' dir='ltr'><strong>causata</strong></span> <span class='ocrx_word' id='word_1_716' title='bbox 1422 2546 1499 2570; x_wconf 78' lang='lat' dir='ltr'><strong>dalla</strong></span> <span class='ocrx_word' id='word_1_717' title='bbox 1513 2545 1660 2579; x_wconf 83' lang='lat' dir='ltr'><strong>cupidigia</strong></span> <span class='ocrx_word' id='word_1_718' title='bbox 1674 2545 1751 2578; x_wconf 87' lang='lat' dir='ltr'><strong>degli</strong></span> <span class='ocrx_word' id='word_1_719' title='bbox 1765 2545 1872 2570; x_wconf 86' lang='lat' dir='ltr'><strong>antichi</strong></span> <span class='ocrx_word' id='word_1_720' title='bbox 1888 2545 1999 2578; x_wconf 81' lang='lat' dir='ltr'><strong>signori</strong></span> <span class='ocrx_word' id='word_1_721' title='bbox 2011 2552 2026 2570; x_wconf 84' lang='lat' dir='ltr'><strong>e</strong></span> <span class='ocrx_word' id='word_1_722' title='bbox 2038 2545 2085 2570; x_wconf 81' lang='lat' dir='ltr'><strong>dei</strong></span> <span class='ocrx_word' id='word_1_723' title='bbox 2097 2545 2189 2571; x_wconf 71' lang='lat' dir='ltr'><strong>nuovl</strong></span> <span class='ocrx_word' id='word_1_724' title='bbox 2222 2574 2227 2577; x_wconf 26' lang='lat'>¹</span> <span class='ocrx_word' id='word_1_725' title='bbox 2283 2556 2285 2560; x_wconf 84' lang='lat'><em>·</em></span> 
     </span>
     <span class='ocr_line' id='line_1_68' title="bbox 1293 2580 2285 2620; baseline 0.002 -8"><span class='ocrx_word' id='word_1_726' title='bbox 1293 2588 1423 2618; x_wconf 85' lang='lat' dir='ltr'><strong>arrivati,</strong></span> <span class='ocrx_word' id='word_1_727' title='bbox 1443 2588 1479 2613; x_wconf 84' lang='lat' dir='ltr'><strong>da</strong></span> <span class='ocrx_word' id='word_1_728' title='bbox 1498 2588 1589 2620; x_wconf 84' lang='lat' dir='ltr'><strong>quella</strong></span> <span class='ocrx_word' id='word_1_729' title='bbox 1614 2589 1729 2612; x_wconf 81' lang='lat' dir='ltr'><strong>miseria</strong></span> <span class='ocrx_word' id='word_1_730' title='bbox 1747 2587 1897 2620; x_wconf 82' lang='lat' dir='ltr'><strong>spirituale</strong></span> <span class='ocrx_word' id='word_1_731' title='bbox 1915 2587 1961 2612; x_wconf 88' lang='lat' dir='ltr'><strong>del</strong></span> <span class='ocrx_word' id='word_1_732' title='bbox 1979 2594 2069 2620; x_wconf 80' lang='lat' dir='ltr'><strong>paese,</strong></span> <span class='ocrx_word' id='word_1_733' title='bbox 2088 2587 2139 2612; x_wconf 81' lang='lat' dir='ltr'><strong>che</strong></span> <span class='ocrx_word' id='word_1_734' title='bbox 2158 2588 2189 2614; x_wconf 72' lang='lat' dir='ltr'><strong>fu</strong></span> <span class='ocrx_word' id='word_1_735' title='bbox 2282 2580 2285 2615; x_wconf 64' lang='grc' dir='ltr'><strong>ζῙ</strong></span> 
     </span>
     <span class='ocr_line' id='line_1_69' title="bbox 1294 2628 2189 2664; baseline 0.001 -9"><span class='ocrx_word' id='word_1_736' title='bbox 1294 2638 1350 2655; x_wconf 86' lang='lat' dir='ltr'><strong>una</strong></span> <span class='ocrx_word' id='word_1_737' title='bbox 1370 2631 1444 2655; x_wconf 88' lang='lat' dir='ltr'><strong>delle</strong></span> <span class='ocrx_word' id='word_1_738' title='bbox 1462 2631 1542 2655; x_wconf 81' lang='lat' dir='ltr'><strong>foi-ze</strong></span> <span class='ocrx_word' id='word_1_739' title='bbox 1561 2628 1611 2663; x_wconf 78' lang='lat' dir='ltr'><strong>piiz</strong></span> <span class='ocrx_word' id='word_1_740' title='bbox 1630 2630 1733 2655; x_wconf 84' lang='lat' dir='ltr'><strong>efficaci</strong></span> <span class='ocrx_word' id='word_1_741' title='bbox 1754 2638 1804 2664; x_wconf 87' lang='lat' dir='ltr'><strong>per</strong></span> <span class='ocrx_word' id='word_1_742' title='bbox 1816 2630 1844 2655; x_wconf 85' lang='grc'><strong>13</strong></span> <span class='ocrx_word' id='word_1_743' title='bbox 1858 2630 2005 2655; x_wconf 79' lang='lat' dir='ltr'><strong>fortunata</strong></span> <span class='ocrx_word' id='word_1_744' title='bbox 2017 2630 2189 2662; x_wconf 72' lang='lat' dir='ltr'><strong>espnnsione</strong></span> 
     </span>
    </p>

    <p class='ocr_par' dir='ltr' id='par_1_25' title="bbox 2216 2666 2284 2678">
     <span class='ocr_line' id='line_1_70' title="bbox 2216 2666 2284 2678; baseline 0 0"><span class='ocrx_word' id='word_1_745' title='bbox 2216 2671 2222 2674; x_wconf 91' lang='lat'><em>—</em></span> <span class='ocrx_word' id='word_1_746' title='bbox 2233 2668 2235 2672; x_wconf 57' lang='lat'><strong>¹</strong></span> <span class='ocrx_word' id='word_1_747' title='bbox 2280 2666 2284 2678; x_wconf 79' lang='lat'><em>›</em></span> 
     </span>
    </p>
   </div>
   <div class='ocr_carea' id='block_1_20' title="bbox 1294 2673 1527 2698">
    <p class='ocr_par' dir='ltr' id='par_1_26' title="bbox 1294 2673 1527 2698">
     <span class='ocr_line' id='line_1_71' title="bbox 1294 2673 1527 2698; baseline 0 -1"><span class='ocrx_word' id='word_1_748' title='bbox 1294 2673 1339 2697; x_wconf 93' lang='lat' dir='ltr'><strong>dei</strong></span> <span class='ocrx_word' id='word_1_749' title='bbox 1360 2673 1527 2698; x_wconf 86' lang='lat' dir='ltr'><strong>Normanni.</strong></span> 
     </span>
    </p>
   </div>
   <div class='ocr_carea' id='block_1_21' title="bbox 1383 2713 2257 2748">
    <p class='ocr_par' dir='ltr' id='par_1_27' title="bbox 1383 2713 2257 2748">
     <span class='ocr_line' id='line_1_72' title="bbox 1383 2713 2257 2748; baseline 0 -8"><span class='ocrx_word' id='word_1_750' title='bbox 1383 2715 1422 2740; x_wconf 92' lang='lat' dir='ltr'><strong>Su</strong></span> <span class='ocrx_word' id='word_1_751' title='bbox 1440 2717 1514 2740; x_wconf 86' lang='lat' dir='ltr'><strong>tutte</strong></span> <span class='ocrx_word' id='word_1_752' title='bbox 1533 2716 1560 2740; x_wconf 89' lang='lat' dir='ltr'><strong>le</strong></span> <span class='ocrx_word' id='word_1_753' title='bbox 1579 2715 1698 2740; x_wconf 84' lang='lat' dir='ltr'><strong>vicende</strong></span> <span class='ocrx_word' id='word_1_754' title='bbox 1717 2715 1766 2740; x_wconf 87' lang='lat' dir='ltr'><strong>che</strong></span> <span class='ocrx_word' id='word_1_755' title='bbox 1791 2715 1936 2748; x_wconf 87' lang='lat' dir='ltr'><strong>prelusero</strong></span> <span class='ocrx_word' id='word_1_756' title='bbox 1954 2722 1970 2740; x_wconf 85' lang='lat' dir='ltr'><strong>e</strong></span> <span class='ocrx_word' id='word_1_757' title='bbox 1988 2715 2142 2748; x_wconf 81' lang='lat' dir='ltr'><strong>seguirono</strong></span> <span class='ocrx_word' id='word_1_758' title='bbox 2159 2713 2188 2740; x_wconf 71' lang='lat' dir='ltr'><strong>ln</strong></span> <span class='ocrx_word' id='word_1_759' title='bbox 2221 2718 2233 2737; x_wconf 76' lang='grc' dir='ltr'>ἑ</span> <span class='ocrx_word' id='word_1_760' title='bbox 2256 2731 2257 2734; x_wconf 60' lang='lat'><em>=</em></span> 
     </span>
    </p>
   </div>
   <div class='ocr_carea' id='block_1_22' title="bbox 1295 2754 2226 2791">
    <p class='ocr_par' dir='ltr' id='par_1_28' title="bbox 1295 2754 2226 2791">
     <span class='ocr_line' id='line_1_73' title="bbox 1295 2754 2226 2791; baseline 0 -10"><span class='ocrx_word' id='word_1_761' title='bbox 1295 2763 1355 2781; x_wconf 81' lang='lat' dir='ltr'><strong>resa</strong></span> <span class='ocrx_word' id='word_1_762' title='bbox 1375 2758 1403 2781; x_wconf 92' lang='lat' dir='ltr'><strong>di</strong></span> <span class='ocrx_word' id='word_1_763' title='bbox 1423 2756 1550 2786; x_wconf 85' lang='lat' dir='ltr'><strong>Salerno,</strong></span> <span class='ocrx_word' id='word_1_764' title='bbox 1571 2758 1684 2782; x_wconf 79' lang='grc' dir='ltr'>ΑΜΛτο</span> <span class='ocrx_word' id='word_1_765' title='bbox 1703 2756 1752 2786; x_wconf 89' lang='lat' dir='ltr'><strong>VI,</strong></span> <span class='ocrx_word' id='word_1_766' title='bbox 1771 2763 1787 2789; x_wconf 83' lang='lat'>3</span> <span class='ocrx_word' id='word_1_767' title='bbox 1815 2763 1874 2790; x_wconf 85' lang='lat' dir='ltr'><strong>sgg.</strong></span> <span class='ocrx_word' id='word_1_768' title='bbox 1899 2770 1935 2774; x_wconf 97' lang='lat'><strong>—</strong></span> <span class='ocrx_word' id='word_1_769' title='bbox 1959 2754 2064 2782; x_wconf 51' lang='lat' dir='ltr'><strong>bench&amp;</strong></span> <span class='ocrx_word' id='word_1_770' title='bbox 2088 2762 2187 2781; x_wconf 77' lang='lat' dir='ltr'><strong>avver-</strong></span> <span class='ocrx_word' id='word_1_771' title='bbox 2222 2781 2226 2791; x_wconf 35' lang='grc' dir='ltr'><strong>ἓ</strong></span> 
     </span>
    </p>
   </div>
   <div class='ocr_carea' id='block_1_23' title="bbox 1294 2798 2280 2835">
    <p class='ocr_par' dir='ltr' id='par_1_29' title="bbox 1294 2792 2280 2835">
     <span class='ocr_line' id='line_1_74' title="bbox 1294 2798 2280 2835; baseline 0 -11"><span class='ocrx_word' id='word_1_772' title='bbox 1294 2801 1370 2824; x_wconf 85' lang='lat' dir='ltr'><strong>sario</strong></span> <span class='ocrx_word' id='word_1_773' title='bbox 1390 2800 1419 2824; x_wconf 88' lang='lat' dir='ltr'><strong>di</strong></span> <span class='ocrx_word' id='word_1_774' title='bbox 1441 2799 1558 2824; x_wconf 81' lang='lat' dir='ltr'><strong>Gisulso</strong></span> <span class='ocrx_word' id='word_1_775' title='bbox 1578 2813 1612 2818; x_wconf 85' lang='lat'><em>—</em></span> <span class='ocrx_word' id='word_1_776' title='bbox 1624 2798 1647 2829; x_wconf 79' lang='grc' dir='ltr'><strong>ὲ,</strong></span> <span class='ocrx_word' id='word_1_777' title='bbox 1661 2807 1711 2833; x_wconf 84' lang='lat' dir='ltr'><strong>per</strong></span> <span class='ocrx_word' id='word_1_778' title='bbox 1723 2800 1750 2824; x_wconf 89' lang='lat' dir='ltr'><strong>le</strong></span> <span class='ocrx_word' id='word_1_779' title='bbox 1764 2807 1813 2824; x_wconf 83' lang='lat' dir='ltr'><strong>sue</strong></span> <span class='ocrx_word' id='word_1_780' title='bbox 1826 2799 1998 2832; x_wconf 76' lang='lat' dir='ltr'><strong>particulari</strong></span> <span class='ocrx_word' id='word_1_781' title='bbox 2011 2798 2188 2829; x_wconf 66' lang='lat' dir='ltr'><strong>condiniani,</strong></span> <span class='ocrx_word' id='word_1_782' title='bbox 2199 2809 2210 2827; x_wconf 75' lang='grc'><strong>·,</strong></span> <span class='ocrx_word' id='word_1_783' title='bbox 2222 2801 2232 2835; x_wconf 18' lang='grc' dir='ltr'><strong>γ’</strong></span> <span class='ocrx_word' id='word_1_784' title='bbox 2279 2827 2280 2831; x_wconf 36' lang='lat'><strong>,</strong></span> 
     </span>
    </p>
   </div>
   <div class='ocr_carea' id='block_1_24' title="bbox 1294 2839 2222 2874">
    <p class='ocr_par' dir='ltr' id='par_1_30' title="bbox 1294 2839 2222 2874">
     <span class='ocr_line' id='line_1_75' title="bbox 1294 2839 2222 2874; baseline 0 -8"><span class='ocrx_word' id='word_1_785' title='bbox 1294 2842 1321 2865; x_wconf 83' lang='lat' dir='ltr'><strong>la</strong></span> <span class='ocrx_word' id='word_1_786' title='bbox 1342 2841 1421 2866; x_wconf 80' lang='lat' dir='ltr'><strong>sonte</strong></span> <span class='ocrx_word' id='word_1_787' title='bbox 1444 2842 1550 2874; x_wconf 85' lang='lat' dir='ltr'><strong>meglio</strong></span> <span class='ocrx_word' id='word_1_788' title='bbox 1576 2842 1741 2866; x_wconf 78' lang='lat' dir='ltr'><strong>informata.</strong></span> <span class='ocrx_word' id='word_1_789' title='bbox 1778 2841 1823 2866; x_wconf 86' lang='lat' dir='ltr'><strong>Cf</strong></span> <span class='ocrx_word' id='word_1_790' title='bbox 1848 2841 1968 2870; x_wconf 70' lang='lat' dir='ltr'><strong>fflascn,</strong></span> <span class='ocrx_word' id='word_1_791' title='bbox 1994 2842 2106 2866; x_wconf 74' lang='lat' dir='ltr'><strong>Amatas</strong></span> <span class='ocrx_word' id='word_1_792' title='bbox 2130 2843 2187 2871; x_wconf 62' lang='lat' dir='ltr'><strong>etc„</strong></span> <span class='ocrx_word' id='word_1_793' title='bbox 2216 2839 2222 2845; x_wconf 78' lang='lat'><em>⁷</em></span> 
     </span>
    </p>
   </div>
   <div class='ocr_carea' id='block_1_25' title="bbox 1295 2873 2280 2916">
    <p class='ocr_par' dir='ltr' id='par_1_31' title="bbox 1295 2869 2280 2916">
     <span class='ocr_line' id='line_1_76' title="bbox 1295 2873 2280 2916; baseline 0.001 -9"><span class='ocrx_word' id='word_1_794' title='bbox 1295 2884 1422 2915; x_wconf 74' lang='lat' dir='ltr'><strong>clt.,312</strong></span> <span class='ocrx_word' id='word_1_795' title='bbox 1443 2891 1516 2916; x_wconf 86' lang='lat' dir='ltr'><strong>sgg„</strong></span> <span class='ocrx_word' id='word_1_796' title='bbox 1534 2883 1574 2908; x_wconf 83' lang='lat' dir='ltr'><strong>D1</strong></span> <span class='ocrx_word' id='word_1_797' title='bbox 1593 2883 1834 2913; x_wconf 66' lang='lat' dir='ltr'><strong>Mno,V111‚122</strong></span> <span class='ocrx_word' id='word_1_798' title='bbox 1855 2890 1930 2916; x_wconf 86' lang='lat' dir='ltr'><strong>sgg.,</strong></span> <span class='ocrx_word' id='word_1_799' title='bbox 1943 2882 2061 2912; x_wconf 64' lang='lat' dir='ltr'><strong>Senum,</strong></span> <span class='ocrx_word' id='word_1_800' title='bbox 2073 2885 2116 2914; x_wconf 65' lang='lat' dir='ltr'><strong>op.</strong></span> <span class='ocrx_word' id='word_1_801' title='bbox 2133 2882 2186 2912; x_wconf 71' lang='lat' dir='ltr'><strong>cie..</strong></span> <span class='ocrx_word' id='word_1_802' title='bbox 2277 2873 2280 2883; x_wconf 83' lang='lat'>&#39;</span> 
     </span>
    </p>
   </div>
   <div class='ocr_carea' id='block_1_26' title="bbox 1296 2931 2253 3001">
    <p class='ocr_par' dir='ltr' id='par_1_32' title="bbox 1296 2931 2253 3014">
     <span class='ocr_line' id='line_1_77' title="bbox 1333 2932 1378 2949; baseline 0 0"><span class='ocrx_word' id='word_1_803' title='bbox 1333 2932 1343 2949; x_wconf 86' lang='lat'>1</span> <span class='ocrx_word' id='word_1_804' title='bbox 1366 2933 1378 2949; x_wconf 82' lang='lat' dir='ltr'><strong>s</strong></span> 
     </span>
     <span class='ocr_line' id='line_1_78' title="bbox 1296 2931 2253 3001; baseline 0.001 -9"><span class='ocrx_word' id='word_1_805' title='bbox 1296 2931 1327 2956; x_wconf 71' lang='grc'><strong>57</strong></span> <span class='ocrx_word' id='word_1_806' title='bbox 1379 2933 1728 3000; x_wconf 59' lang='lat' dir='ltr'><strong>{gAMATO‚VIII,16:“</strong></span> <span class='ocrx_word' id='word_1_807' title='bbox 1739 2970 1888 3001; x_wconf 78' lang='lat' dir='ltr'><strong>puissance</strong></span> <span class='ocrx_word' id='word_1_808' title='bbox 1902 2968 1936 2993; x_wconf 88' lang='lat' dir='ltr'><strong>de</strong></span> <span class='ocrx_word' id='word_1_809' title='bbox 1950 2969 2030 2993; x_wconf 79' lang='lat' dir='ltr'><strong>venii·</strong></span> <span class='ocrx_word' id='word_1_810' title='bbox 2043 2975 2076 2992; x_wconf 85' lang='lat' dir='ltr'><strong>en</strong></span> <span class='ocrx_word' id='word_1_811' title='bbox 2090 2968 2119 2993; x_wconf 83' lang='lat' dir='ltr'><strong>la</strong></span> <span class='ocrx_word' id='word_1_812' title='bbox 2131 2965 2187 2993; x_wconf 70' lang='lat' dir='ltr'><strong>cit-‚6</strong></span> <span class='ocrx_word' id='word_1_813' title='bbox 2214 2948 2225 2981; x_wconf 38' lang='lat'><strong>,⁴¹</strong></span> <span class='ocrx_word' id='word_1_814' title='bbox 2250 2965 2253 2990; x_wconf 60' lang='grc' dir='ltr'><strong><em>ἔ</em></strong></span> 
     </span>
    </p>
   </div>
   <div class='ocr_carea' id='block_1_27' title="bbox 1298 3008 1722 3043">
    <p class='ocr_par' dir='ltr' id='par_1_33' title="bbox 1298 3008 1722 3043">
     <span class='ocr_line' id='line_1_79' title="bbox 1298 3008 1722 3043; baseline 0.005 -9.131"><span class='ocrx_word' id='word_1_815' title='bbox 1298 3009 1352 3034; x_wconf 85' lang='lat' dir='ltr'><strong>“et</strong></span> <span class='ocrx_word' id='word_1_816' title='bbox 1371 3008 1418 3043; x_wconf 87' lang='lat' dir='ltr'><strong>d’y</strong></span> <span class='ocrx_word' id='word_1_817' title='bbox 1437 3010 1510 3035; x_wconf 79' lang='lat' dir='ltr'><strong>faire</strong></span> <span class='ocrx_word' id='word_1_818' title='bbox 1528 3018 1584 3035; x_wconf 90' lang='lat' dir='ltr'><strong>une</strong></span> <span class='ocrx_word' id='word_1_819' title='bbox 1602 3011 1687 3036; x_wconf 87' lang='lat' dir='ltr'><strong>roche</strong></span> <span class='ocrx_word' id='word_1_820' title='bbox 1698 3027 1722 3042; x_wconf 77' lang='lat'><strong>„-</strong></span> 
     </span>
    </p>
   </div>
   <div class='ocr_carea' id='block_1_28' title="bbox 2207 1216 2314 3418">
    <p class='ocr_par' dir='ltr' id='par_1_34' title="bbox 2207 1216 2314 3418">
     <span class='ocr_line' id='line_1_80' title="bbox 2207 1216 2314 3418; baseline 0 0"><span class='ocrx_word' id='word_1_821' title='bbox 2207 1216 2314 3418; x_wconf 95' lang='lat' dir='ltr'><strong> </strong></span> 
     </span>
    </p>
   </div>
  </div>
 </body>
</html>
