2320 3424
110 216 162 253 [A.
182 216 275 252 1040]
481 211 552 246 DE
580 211 748 247 REBUS
778 211 956 247 GESTIS
987 211 1206 247 ROGERII
1234 211 1445 246 COMITIS
1473 210 1588 245 ETC.

111 335 248 367 niacum
270 345 379 378 usque
403 341 636 376 pervenerunt
649 334 669 367 ¹.
714 335 768 367 De
791 344 936 377 quorum
959 333 1112 367 adventu
1135 333 1318 367 Maniacus
1334 344 1404 367 non
1421 334 1597 366 minimum
1612 333 1760 378 gavisus,
1777 333 1959 377 plurimum

111 398 235 421 eorum
252 388 379 420 auxilio
402 388 523 427 fidens,
538 388 678 432 navigio
695 395 821 431 aptato,
841 388 997 421 Siciliam
1014 398 1195 420 numeroso
1211 388 1366 420 exercitu
1381 387 1525 427 invadit,
1541 387 1734 431 'primoque
1750 386 1959 426 Messanam,

109 441 190 486 quia
204 441 312 484 ripae,
327 452 395 486 qua
410 441 591 484 applicuit,
607 442 769 485 contigua
785 448 870 480 erat,
887 441 1111 486 oppu'gnans,
1127 441 1307 474 deditione
1324 441 1448 474 foedus
1464 453 1581 475 secum
1593 441 1681 474 inire
1694 440 1821 486 coegit.
1857 441 1959 478 Nam,

111 495 266 539 quamvis
288 495 383 538 apud
405 494 602 527 Messanam
636 495 860 528 strenuissimi
882 505 963 527 suae
987 494 1099 538 gentis
1121 494 1244 527 milites
1266 500 1390 534 essent,
1414 495 1484 538 qui,
1507 494 1551 527 ab
1582 493 1667 527 urbe
1684 493 1960 539 progredientes,

66 548 86 582 5
109 549 147 581 in
169 557 356 592 congressu
379 547 533 581 Graecos
556 549 738 591 plurimum
762 548 988 587 collidebant,
1012 554 1138 587 tamen,
1163 548 1307 580 Graecis
1335 548 1551 587 cedentibus,
1568 547 1693 580 nostris
1709 546 1960 592 congrediendi

109 601 208 634 locus
241 601 371 643 patuit:
406 600 657 640 Messanenses,
689 607 883 634 nostrorum
915 601 1116 634 strenuitate
1148 601 1300 634 nondum
1334 608 1489 643 experta,
1520 601 1631 643 primo
1661 601 1802 644 quidem
1832 599 1960 632 acriter

108 655 238 688 instare
261 661 460 697 coeperunt.
505 654 562 693 At,
583 655 644 688 ubi
667 656 788 688 vident
811 665 847 687 se
872 655 948 697 plus
971 654 1072 687 solito
1095 654 1228 693 vexari,
1252 655 1348 697 quasi
1372 664 1484 687 novae
1507 655 1620 698 gentis
1645 654 1803 687 militiam
1834 653 1959 686 abhor-

42 703 63 751 ᾖ
107 714 233 746 rentes,
256 714 354 751 terga
377 708 611 751 praebuerunt
633 709 770 746 nostris,
804 719 913 751 usque
945 709 990 741 ad
1021 708 1217 750 proximum
1247 707 1351 748 urbis,
1384 708 1548 740 extremis
1578 719 1716 752 quoque
1747 707 1959 741 cedentibus.

55 805 57 809 ι
108 761 300 801 Musaeus,
323 768 515 794 nostrorum
541 771 643 794 causa
666 761 784 795 urbem
809 767 941 798 nactus,
963 761 998 792 in
1023 762 1134 803 pretio
1157 771 1219 793 eos
1241 761 1369 793 habere
1401 761 1529 803 coepit,
1552 761 1722 804 donisque
1754 767 1789 793 et
1818 761 1960 803 promis-

43 815 88 851 0
109 814 263 848 sionibus
285 815 437 859 arrigere
461 816 506 847 ad
529 815 695 848 militiam.
741 814 827 847 Inde
852 824 947 858 ergo,
970 814 1218 857 profundiores
1241 820 1358 856 partes
1380 813 1520 846 Siciliae
1551 814 1755 847 attentando
1782 820 1816 847 et
1847 814 1961 846 omnia

51 894 54 899 .
108 867 324 912 subjugando
347 868 623 912 progredientes,
647 867 854 911 Syracusam
877 877 987 910 usque
1010 874 1261 909 pervenerunt:
1284 867 1381 899 cuius
1397 867 1502 904 cives,
1519 866 1563 899 ab
1578 867 1664 900 urbe
1681 867 1865 910 progressi,
1881 878 1959 900 cum

54 914 55 918 ¹
108 920 389 954 Maniacensibus
412 922 684 966 congrediuntur
695 920 716 953 ¹.
764 921 962 954 Archadius
984 920 1124 964 quidam
1136 919 1159 958 ³,
1183 920 1242 963 qui
1258 920 1334 952 urbi
1351 920 1625 962 principabatur,
1642 920 1765 953 nostris
1782 920 1958 954 infestissi-

50 987 54 990 ’
108 985 183 1008 mus
205 975 374 1013 insistens,
397 975 522 1008 multas
543 980 675 1018 strages
698 975 820 1007 dabat:
844 984 913 1017 quo
936 972 1143 1011 Willelmus,
1167 973 1344 1006 Tancredi
1368 973 1466 1012 filius,
1491 974 1550 1017 qui
1567 974 1855 1007 Ferrea-brachia
1871 985 1958 1006 nun-

107 1028 310 1072 cupabatur,
332 1028 516 1070 plurimum
532 1027 739 1071 indignatus,
756 1027 887 1069 impetu
909 1027 1018 1064 facto,
1034 1036 1139 1069 super
1155 1037 1232 1058 eum
1248 1026 1346 1059 irruit
1362 1027 1569 1070 fortiterque
1586 1026 1826 1070 congrediens,
1842 1027 1959 1060 hostili

35 1090 49 1130 j
65 1081 83 1116 5
105 1082 233 1115 robore
257 1082 430 1126 dejectum
453 1081 646 1114 interfecit:
671 1081 764 1114 unde
789 1087 823 1113 et
846 1080 994 1113 maxima
1019 1080 1129 1113 laudis
1160 1080 1385 1112 admiratione
1416 1079 1584 1123 deinceps
1614 1081 1708 1123 apud
1739 1081 1894 1113 Graecos
1925 1087 1959 1114 et

105 1136 200 1178 apud
222 1134 362 1168 Siculos
385 1135 459 1168 fuit.
505 1133 614 1167 Siculi
638 1134 754 1177 itaque
779 1144 887 1176 usque
911 1134 957 1166 ad
979 1133 1196 1177 sexagesima
1218 1133 1326 1165 millia
1352 1134 1566 1177 congregati,
1590 1134 1754 1167 Maniaco
1778 1141 1812 1166 et
1837 1134 1906 1167 suis
1921 1135 1959 1167 in

107 1188 265 1232 partibus
289 1188 452 1232 Traynae
475 1187 570 1220 urbis
592 1187 722 1220 bellum
746 1187 857 1220 offere
881 1191 1016 1219 tentant
1028 1186 1050 1218 ⁴.
1097 1186 1209 1219 Porro
1233 1187 1439 1225 Willelmus,
1467 1187 1556 1219 filius
1571 1187 1762 1226 Tancredi,
1777 1188 1879 1220 laude
1896 1188 1958 1219 mi-

107 1242 202 1275 litiae
224 1243 338 1280 ferox,
361 1243 397 1274 in
421 1241 524 1274 armis
546 1247 712 1279 strenuus,
735 1239 904 1274 'Graecos
926 1241 972 1273 ad
995 1246 1170 1273 certamen
1193 1240 1430 1282 praeveniens,
1455 1240 1644 1273 certamine
1666 1240 1764 1279 inito,
1782 1251 1859 1273 cum
1875 1252 1955 1274 suae

31 1335 34 1336 ⁷
106 1295 217 1340 gentis
241 1301 372 1328 tautum
395 1294 558 1327 militibus
581 1304 660 1327 cum
682 1295 780 1327 hoste
806 1293 1043 1338 congreditur,
1067 1299 1253 1336 antequam
1277 1294 1405 1326 Graeci
1432 1295 1478 1326 ad
1507 1294 1621 1327 locum
1653 1294 1851 1327 certaminis
1882 1305 1959 1337 per-

35 1375 38 1379 .
61 1351 84 1383 0
106 1349 265 1382 veniantz
290 1349 428 1382 fortiter
451 1348 598 1391 agendo,
622 1348 739 1390 plures
762 1347 893 1385 sternit,
916 1346 1070 1389 reliquos
1093 1347 1205 1391 fugat,
1228 1348 1342 1380 victor
1365 1347 1530 1380 eflicitur.
1569 1347 1697 1380 Graeci
1720 1348 1763 1380 ad
1780 1348 1906 1386 locum,
1922 1349 1957 1380 in

106 1413 175 1446 quo
198 1408 367 1436 certatum
391 1408 476 1441 erat,
498 1402 752 1444 pervenientes,
775 1401 902 1434 nostris
925 1401 1043 1433 hostes
1066 1401 1339 1444 insequentibus,
1363 1401 1475 1443 spolia
1499 1401 1678 1444 diripiunt,
1702 1401 1792 1434 inter
1819 1412 1855 1434 se
1871 1401 1958 1434 divi-

107 1457 203 1496 dunt,
226 1456 322 1488 nulla
344 1455 504 1498 portione
527 1454 662 1493 nostris,
685 1455 743 1498 qui
767 1454 810 1487 ab
833 1455 933 1487 hoste
956 1460 1191 1491 excusserant,
1213 1459 1399 1487 reservata.

192 1562 287 1596 VIII.
311 1580 354 1585 —
379 1561 485 1600 Quod
509 1573 587 1595 cum
609 1561 730 1599 nostri,
753 1572 774 1594 a
797 1561 1041 1604 persequendo
1065 1561 1183 1594 hostes
1205 1560 1411 1600 rede'untes,
1435 1561 1690 1604 cognovissent,
1705 1562 1865 1606 injuriam
1883 1562 1957 1600 rati,

106 1627 169 1660 per
191 1616 409 1649 Harduinum
433 1616 608 1658 quendam
633 1615 755 1647 Italum
770 1618 792 1653 ⁵,
816 1615 875 1658 qui
898 1624 942 1647 ex
957 1614 1082 1647 nostris
1099 1619 1184 1652 erat,
1201 1613 1284 1657 quia
1298 1614 1418 1657 graeci
1435 1614 1603 1647 sermonis
1619 1614 1779 1657 peritiam
1797 1614 1958 1653 habebat,

196 1763 220 1781 π.
239 1755 383 1781 invadunt
398 1756 427 1780 P
443 1769 476 1773 —
489 1762 546 1788 3-4.
558 1756 626 1787 quia
639 1755 734 1787 ripae.
747 1771 754 1779 .
764 1771 772 1779 .
783 1774 789 1779 .
804 1755 962 1779 Messanam
976 1762 1024 1779 om.
1038 1754 1067 1778 D
1080 1768 1112 1771 —
1126 1761 1150 1786 3.
1164 1761 1220 1786 qua
1232 1762 1280 1779 om.
1295 1755 1323 1778 P
1333 1767 1344 1772 -
1358 1756 1419 1779 erat
1431 1761 1480 1778 om.
1494 1755 1522 1779 P
1534 1768 1565 1772 —-
1582 1762 1606 1787 5.
1621 1755 1649 1778 in
1664 1761 1817 1786 congressu
1830 1762 1877 1779 om.
1894 1756 1959 1779 BD

107 1813 119 1818 -
139 1798 312 1824 Graecorum
331 1798 472 1831 plurimos
490 1797 554 1822 BD
572 1810 581 1815 -
601 1798 647 1822 sed
668 1798 762 1822 tamen
783 1798 811 1821 P
827 1810 859 1815 -
881 1796 905 1821 8.
925 1804 1012 1829 usque
1032 1797 1062 1821 in
1082 1796 1141 1821 ΡΑ
1156 1796 1179 1820 C
1195 1809 1207 1815 -
1225 1798 1367 1822 extremos
1387 1804 1513 1828 quosque
1531 1797 1713 1822 caedentibus
1733 1798 1761 1821 P
1780 1811 1810 1815 —-
1823 1804 1849 1829 9.
1863 1797 1957 1822 urbem

106 1849 155 1866 om.
173 1842 202 1866 P
218 1855 250 1860 —-
273 1848 314 1866 ιο.
333 1841 474 1873 corrigere
494 1840 534 1870 P}
554 1847 687 1873 arrogare
705 1840 768 1864 BD
787 1854 819 1858 -—
842 1845 929 1864 11·1².
949 1840 1028 1864 cuius
1041 1840 1152 1864 cives..
1164 1856 1188 1864 ..
1203 1839 1428 1871 congrediuntur
1446 1847 1494 1864 om.
1520 1840 1622 1864 PBD
1636 1852 1667 1857 —
1686 1846 1726 1864 12.
1740 1839 1880 1864 Arcadius
1899 1840 1961 1865 PC

108 1897 141 1902 —
162 1877 244 1916 13:1³
260 1884 295 1907 lea
313 1883 443 1913 infestus,
464 1882 570 1907 multas
583 1896 616 1899 —
638 1881 726 1914 17-18.
740 1882 941 1907 Ferrebrachia
954 1883 1135 1914 nuncupatur
1149 1882 1176 1906 P
1187 1896 1220 1900 —
1236 1886 1275 1912 15.
1290 1881 1365 1906 unde
1377 1882 1407 1906 in
1428 1882 1581 1906 maximam
1601 1883 1627 1906 B
1640 1883 1700 1907 CD
1714 1896 1744 1900 —-
1762 1882 1851 1914 17-18.
1864 1882 1957 1907 laudis

31 1924 39 1945 ἓ
61 1933 75 1960 5
107 1926 216 1951 multis
229 1926 254 1950 A
264 1926 327 1950 BD
339 1938 372 1943 —
395 1924 435 1949 18.
454 1923 529 1949 ferus
545 1924 568 1948 C
585 1938 594 1942 -
614 1925 643 1948 ln
663 1932 713 1949 om.
727 1925 755 1949 P
768 1938 799 1943 —
814 1931 855 1948 20.
868 1925 973 1949 stravit
986 1925 1013 1948 P
1024 1937 1057 1942 -
1071 1930 1162 1949 20-21.
1177 1924 1280 1953 locum,
1294 1931 1350 1956 quo
1364 1925 1424 1948 PA
1438 1937 1471 1942 —
1487 1931 1529 1949 21.
1543 1926 1656 1949 nostros
1669 1924 1764 1949 hostes
1778 1924 1957 1956 insequentes

106 1969 134 1994 B
151 1982 160 1987 -
181 1968 275 2002 spolia
293 1967 431 1992 dividunt
449 1967 524 1991 Inter
542 1974 571 1991 se
589 1966 640 1991 cosi
661 1968 726 1991 BD
743 1980 776 1985 —-
796 1972 838 1998 ²4·
858 1966 1019 1991 Arduinum
1039 1967 1114 1995 PB;
1135 1965 1307 1998 Ardoynum
1325 1967 1353 1991 D
1371 1967 1422 1998 qul
1436 1974 1450 1990 e
1465 1966 1516 1998 gis
1537 1980 1545 1984 -
1567 1967 1696 1991 italicum
1716 1966 1778 1990 BD

45 2201 79 2221 ro

31 2413 77 2440 ,5

43 2621 80 2641 ιο

45 2835 78 2862 ²5

196 2069 203 2086 ¹
224 2069 375 2100 Cannas-o,
395 2070 429 2099 ΙΙ,
451 2077 517 2103 5452
542 2067 621 2103 ἔτυχε
646 2067 934 2102 προσεταιρισάμενος
957 2067 1006 2095 καὶ

106 2111 254 2146 Φοάγγους
282 2111 485 2144 πεντακοσίους
512 2110 569 2138 ἀπὸ
597 2113 653 2138 τῶν
679 2110 768 2143 πέραν
791 2112 848 2138 τῶν
872 2109 1006 2138 Ἄλπεων

105 2153 235 2182 Γαλλιῶν
254 2153 509 2189 μεταπεμφθέντας.

194 2197 205 2213 ¹
224 2198 247 2222 11
268 2197 306 2222 M.
327 2205 384 2222 non
404 2197 518 2222 ricorda
538 2198 545 2221 i
568 2197 622 2222 due
639 2198 709 2222 anni
729 2197 758 2221 di
778 2204 889 2229 guerra,
902 2196 951 2221 che
964 2203 1003 2220 se-

104 2241 227 2272 gun-ono
247 2240 306 2265 alla
325 2246 406 2273 presa
426 2240 454 2264 di
476 2239 616 2264 Messina:
635 2239 736 2264 insatti
758 2237 792 2264 ne
818 2240 951 2263 mentova
976 2238 1004 2263 la

103 2282 246 2314 battaglia
265 2281 293 2306 di
314 2281 456 2311 Rametta,
475 2289 538 2310 ove,
558 2281 682 2306 secondo
703 2280 858 2312 Caunmo,
882 2280 916 2309 11,
942 2287 1004 2313 520,

105 2330 165 2356 523,
185 2325 304 2349 caddero
321 2330 354 2355 50
367 2324 437 2349 mila
449 2323 648 2352 Mussulmani‚
661 2322 697 2348 ni:
710 2324 822 2348 ricorda
835 2323 846 2347 i
859 2323 1003 2356 progressi

104 2366 151 2391 dei
170 2366 318 2392 Bizantlni
340 2367 386 2391 nei
406 2365 535 2391 territori
555 2367 632 2398 posti
653 2365 709 2390 alle
723 2367 837 2399 pendici
853 2365 1004 2390 dell’Etna.

104 2408 217 2442 Eppure
235 2407 307 2434 l'eco
326 2409 372 2433 del
386 2409 485 2433 valore
504 2415 673 2440 normanno,
693 2409 743 2433 che
760 2408 782 2433 il
802 2408 954 2433 Malaterra
975 2408 1003 2433 sa

105 2451 240 2484 risulgere
254 2451 374 2476 Intorno
387 2452 414 2475 al
429 2458 511 2476 nome
523 2451 554 2476 di
567 2450 734 2483 Gugllelmo
744 2451 862 2476 Bracclo
874 2451 902 2475 di
918 2451 1003 2479 ferro,

105 2492 201 2518 arrlvo
221 2493 256 2517 fin
278 2493 353 2518 nelle
372 2493 486 2526 regioni
506 2493 717 2518 settentrlonali
739 2493 890 2526 d’Europa,
909 2500 963 2518 ove
976 2492 1003 2517 le

105 2535 189 2568 saghe
202 2536 375 2560 scandinave
388 2534 510 2568 (Scripta
523 2535 649 2560 historica
661 2535 843 2564 Islandorum,
862 2537 942 2560 tomo
956 2534 1002 2567 v1,

104 2585 151 2611 pp.
179 2577 306 2610 1¹9-161)
331 2578 482 2602 celebrano
507 2577 627 2603 l'erolco
646 2577 767 2606 Aroldo,
787 2578 1001 2603 l’avventuroso

105 2620 175 2645 duce
193 2620 238 2645 dei
261 2619 275 2633 ³
285 2619 432 2653 Varanghl
443 2638 456 2652 ,‚
471 2619 503 2644 in
522 2619 616 2649 Italia,
635 2620 662 2645 al
683 2621 794 2652 seguito
814 2620 844 2644 di
863 2620 1001 2645 Maniace.

193 2660 204 2677 ³
223 2661 354 2687 Secondo
374 2662 512 2690 l'Asuuu,
530 2666 570 2694 op.
588 2662 647 2691 cit..
667 2662 725 2687 vol.
745 2662 780 2692 11‘,
802 2669 829 2695 p.
848 2661 909 2694 386,
930 2669 956 2687 n.
976 2670 1000 2694 4.

104 2703 258 2729 Archadius
275 2705 391 2729 sarebbe
409 2704 438 2729 la
450 2705 622 2730 traduzione
642 2705 733 2730 latina
746 2704 821 2730 della
834 2713 903 2730 voce
917 2706 1001 2730 araba

105 2746 188 2778 lad,
206 2747 256 2772 che
276 2749 319 2772 sta
339 2755 354 2772 a
374 2748 524 2780 designare
543 2755 581 2772 un
595 2747 686 2781 grado
700 2747 774 2772 della
788 2748 934 2780 gerarchIa
949 2748 1001 2772 mi-

106 2786 189 2812 litare
208 2787 303 2812 araba.

193 2826 206 2844 ⁴
218 2828 303 2854 Nella
316 2831 475 2862 primavera
489 2829 534 2854 del
551 2836 632 2862 1040:
645 2830 682 2854 cs.
696 2829 772 2859 Gar,
781 2833 820 2862 op.
831 2831 888 2859 cit..
898 2838 925 2863 p.
936 2838 1000 2863 424³

105 2871 303 2903 Cnmzmou,
321 2875 361 2904 op.
380 2873 439 2901 cil..
458 2872 515 2897 vol.
537 2873 557 2900 Ι.
578 2880 604 2905 p.
623 2872 665 2897 88.
703 2873 743 2898 Le
762 2873 837 2898 fonti
857 2874 1001 2899 bIzantIne

107 2914 197 2939 fanno
216 2914 342 2939 arrlvare
361 2922 376 2939 s
398 2920 448 2939 100
466 2914 536 2939 mna
556 2915 583 2939 la
602 2915 675 2940 cisra
698 2915 744 2940 del
769 2916 965 2941 combattentl.

193 2954 205 2972 θ
221 2956 346 2987 Anno,
365 2956 400 2986 11.
417 2963 463 2989 14:
481 2957 494 2970 ‘⁴
505 2956 634 2989 Arduyn,
647 2958 779 2982 servicial
795 2957 829 2982 de
843 2959 919 2983 saint
933 2958 1000 2983 Am-

111 2997 235 3030 “brolse,
256 2999 442 3031 archevesque
461 2999 495 3023 de
514 2999 610 3024 Melan
621 3007 651 3031 ,ς
670 3000 733 3025 Lao
753 2998 885 3029 osi-uu..
905 2999 939 3031 11,
951 3000 1000 3030 66;

1060 2068 1144 2094 Gon..
1165 2069 1266 2099 Aput„
1284 2069 1306 2097 Ι,
1328 2076 1392 2102 ι94;
1413 2069 1483 2093 Lm’.
1497 2068 1648 2098 Pam-osv„
1662 2070 1699 2093 ad
1709 2076 1752 2093 an.
1775 2076 1857 2101 1041;
1880 2069 1958 2093 Chro-

1059 2113 1136 2136 nicon
1155 2112 1230 2135 breve
1248 2111 1354 2139 North..
1374 2112 1405 2136 in
1425 2111 1598 2142 ΜυκΑτοκι,
1617 2111 1675 2137 RR.
1696 2111 1732 2136 II.
1746 2112 1806 2142 SS..
1825 2114 1903 2136 tomo
1923 2111 1958 2140 V.

1058 2155 1095 2178 ad
1112 2163 1175 2179 ann.
1200 2161 1274 2186 ¹041,
1289 2155 1396 2180 dicono
1410 2155 1542 2180 Arduino
1557 2155 1698 2188 d’origlne
1711 2155 1864 2180 lombarda.
1903 2156 1956 2180 CE-

1058 2203 1168 2225 unmwo,
1187 2196 1222 2226 11,
1242 2204 1269 2230 p.
1289 2202 1349 2229 545,
1370 2205 1404 2221 ne
1426 2197 1454 2221 sa
1474 2205 1511 2222 un
1531 2197 1640 2222 franco.

1146 2239 1193 2264 Ma
1206 2246 1235 2264 se
1248 2240 1274 2263 le
1286 2238 1360 2264 fonti
1376 2247 1450 2264 sono
1465 2240 1600 2264 concordi
1618 2239 1693 2264 nella
1713 2239 1956 2264 determinazione

1058 2281 1134 2306 della
1152 2282 1265 2314 origine
1285 2282 1315 2306 di
1335 2282 1479 2310 Arduino,
1500 2290 1556 2306 non
1578 2289 1768 2314 convengono
1788 2282 1887 2306 invece
1912 2282 1955 2306 sui

1058 2324 1224 2355 particulari
1245 2324 1295 2348 che
1314 2324 1469 2348 avrebbero
1487 2325 1626 2348 costretto
1646 2324 1656 2348 i
1676 2325 1833 2348 Normanni
1854 2325 1888 2348 ad
1908 2324 1954 2348 ab·

1055 2366 1221 2390 bandonare
1246 2367 1273 2391 le
1298 2366 1346 2391 fila
1372 2366 1561 2391 dell’esercito
1587 2366 1617 2390 di
1643 2367 1780 2391 Maniace.
1818 2366 1955 2391 Tuttavia

1057 2408 1138 2433 molti
1158 2409 1243 2442 punti
1256 2408 1284 2433 di
1300 2411 1430 2434 contatto
1446 2409 1470 2433 si
1484 2417 1610 2442 possono
1625 2409 1754 2434 stabilire
1768 2410 1811 2433 tra
1826 2410 1832 2432 i
1848 2409 1953 2433 diversi

1056 2451 1211 2480 resocontl,
1229 2449 1322 2476 sicche
1342 2459 1399 2476 non
1428 2452 1515 2476 riesce
1541 2451 1656 2476 difficile
1684 2452 1815 2475 sormarsi
1841 2450 1954 2475 un’idea

1057 2493 1133 2518 della
1151 2493 1288 2519 intricata
1307 2495 1475 2519 situazlone.
1513 2494 1600 2519 Senza
1622 2495 1782 2526 indugiarci
1802 2495 1909 2518 invano
1923 2501 1954 2519 su

1057 2543 1112 2560 una
1132 2537 1282 2567 questione
1299 2534 1349 2569 gia
1369 2537 1508 2565 associata,
1527 2536 1563 2560 cs.
1585 2535 1698 2564 AMARi,
1711 2539 1751 2567 op.
1764 2536 1821 2563 cit„
1836 2535 1892 2560 vol.
1906 2535 1954 2565 111,

1057 2585 1084 2610 p.
1102 2584 1145 2610 3²·
1165 2579 1234 2603 nota
1251 2585 1272 2610 1,
1287 2580 1411 2604 secondo
1425 2579 1471 2603 cui
1485 2578 1634 2603 Malaterra
1651 2578 1664 2591 “
1676 2579 1704 2602 in
1719 2580 1818 2610 questo
1833 2578 1953 2610 periodo

1059 2620 1071 2633 “
1084 2622 1210 2652 ripeteva
1224 2628 1263 2645 un
1279 2628 1416 2646 romanzo
1430 2622 1460 2645 di
1474 2629 1538 2646 casa
1550 2620 1721 2650 Hauteville,
1734 2622 1812 2645 taces
1824 2621 1865 2653 gli
1881 2620 1954 2645 eluti

1057 2661 1069 2674 “
1082 2664 1110 2687 di
1132 2663 1249 2691 Aversa,
1269 2663 1347 2688 facea
1367 2665 1504 2696 capitano
1523 2663 1567 2687 dei
1588 2663 1623 2687 N.
1649 2662 1814 2696 Gugllelmo
1834 2663 1952 2687 Braccio

1058 2704 1113 2730 “di
1142 2705 1226 2735 ferro,
1254 2706 1304 2730 che
1332 2706 1362 2730 lo
1392 2706 1485 2730 {utre
1512 2706 1579 2729 anni
1611 2706 1687 2737 dopo
1699 2721 1724 2736 ῃ.
1756 2705 1866 2730 Contro
1894 2705 1952 2730 tale

1056 2749 1196 2780 opinione
1216 2756 1241 2772 v.
1261 2748 1288 2772 le
1307 2751 1424 2772 sennate
1439 2747 1635 2772 conchiusioni
1651 2747 1727 2771 dello
1741 2747 1862 2777 Hmscn,
1874 2747 1951 2771 Ama-

1055 2793 1099 2814 tur
1118 2790 1174 2822 cit„
1197 2791 1270 2815 nelle
1291 2791 1396 2815 Forsch.
1417 2791 1474 2817 cit„
1494 2790 1567 2818 VIII,
1582 2797 1627 2822 pp.
1643 2788 1694 2813 260
1707 2796 1775 2822 sgg-.
1789 2797 1803 2813 e
1817 2789 1861 2814 del
1876 2788 1951 2819 GAY.

1055 2835 1094 2864 op.
1113 2834 1170 2860 cit..
1191 2840 1218 2866 p.
1238 2839 1298 2864 425,
1318 2832 1442 2857 secondo
1462 2833 1482 2856 il
1504 2831 1594 2863 quale,
1607 2831 1666 2856 alla
1679 2831 1902 2856 testimonianza
1922 2833 1949 2856 di

1057 2874 1221 2908 Guglielmo
1250 2876 1280 2900 di
1308 2875 1409 2907 Pugna
1439 2876 1461 2898 si
1492 2875 1605 2898 devono
1637 2874 1771 2907 preterire
1797 2874 1890 2906 quelle
1922 2874 1950 2899 di

1058 2917 1187 2942 “Amato
1213 2924 1227 2941 e
1246 2917 1274 2941 di
1303 2916 1437 2942 Goffredo
1458 2915 1617 2944 Malaterra.
1643 2915 1845 2949 lndlpendenti
1872 2915 1950 2940 l’uno

1058 2959 1071 2972 ¹⁴
1082 2959 1239 2988 damulti-o,
1258 2959 1291 2983 ed
1310 2958 1451 2983 enti-ambi
1471 2958 1627 2982 benissimo
1642 2957 1793 2982 informati
1807 2958 1881 2982 sulla
1894 2960 1951 2982 sto-

1058 3002 1125 3026 “ria
1144 3001 1188 3026 dei
1209 3001 1267 3034 flgli
1288 3001 1316 3026 di
1343 3000 1481 3025 Tancredi
1495 3018 1518 3031 η.

1986 2076 2020 2102 30

1983 2289 2016 2314 35

1982 2500 2016 2525 40

1980 2715 2012 2740 45

1979 2924 2012 2949 50

2038 397 2062 420 C,

2077 402 2113 416 211

2034 451 2112 474 A,6r

2035 1252 2060 1275 Α.

2075 1254 2110 1272 όν
