2314 3418
148 225 200 262 [Α.
219 223 314 259 1071]
518 217 588 252 DE
616 216 785 253 REBUS
814 216 993 253 GESTIS
1020 217 1239 254 ROGERII
1267 216 1478 254 COMITIS
1505 217 1618 254 ETC.
1939 218 1982 254 51

157 294 1990 302 .....................................................................................................................................................................................................

147 340 416 375 exhortatoriam
439 346 477 373 ut
500 340 689 379 subveniat,
713 340 823 374 addit.
869 341 1060 384 hperator
1074 351 1167 380 vero,
1183 341 1350 383 susceptis
1366 341 1521 383 epistolis
1543 350 1585 373 ac
1608 340 1780 383 perlectis,
1802 341 1990 374 Duracium

147 393 295 434 mittens,
318 393 462 426 classem
492 393 527 425 in
558 394 645 426 mari
672 404 796 436 parare
826 394 922 436 facit,
952 393 1010 426 cni
1040 393 1246 427 Gocelinum
1277 394 1320 426 de
1354 392 1520 427 Corintho
1534 392 1544 410 ¹
1577 412 1617 417 -
1648 394 1821 437 quendam
1851 394 1990 427 natione

147 456 371 480 normannum
393 451 429 479 et
450 446 486 478 in
509 446 638 489 palan‘o
659 453 738 490 post
760 446 1002 490 imperatorem
1025 446 1217 479 secundum
1239 447 1370 489 paucis,
1393 447 1475 490 quia
1496 452 1654 479 strenuus
1676 446 1782 480 armis
1797 453 1833 480 et
1847 446 1990 480 consilio

149 499 281 534 callens
302 505 377 532 erat
400 517 442 523 -—
467 499 593 532 ducem
615 510 842 543 praeponens,
867 510 944 533 cum
967 499 1081 532 multis
1105 500 1215 542 copiis
1238 499 1447 532 Barensibus
1468 500 1737 533 succurrendum
1760 499 1935 543 'disponit
2065 510 2088 534 c,
2103 516 2152 535 ην

4 563 14 580 ·-
105 553 124 587 5
233 552 342 586 Porro
366 552 425 596 qui
448 553 570 585 missus
592 553 719 592 fuerat,
732 553 845 597 jussus
860 553 904 586 ab
921 553 1140 595 imperatore,
1157 552 1283 585 Barum
1299 552 1524 596 'regrediens,
1542 552 1630 585 clam
1646 564 1709 596 per
1725 553 1840 586 hostes
1855 553 1987 593 urbem,
2063 564 2090 588 s,
2106 565 2154 584 mr

71 604 75 607 ’
146 611 184 639 ut
207 606 349 644 exierat,
371 606 486 639 intrat.
531 605 624 639 Acta
646 607 767 646 refert,
790 606 1007 650 signumque,
1031 617 1099 650 quo
1123 606 1286 639 auxilium
1303 607 1445 638 veniens
1459 605 1590 639 eminus
1605 612 1827 649 cognoscant,
1843 606 1987 640 edocet:

147 664 186 692 ut
207 659 316 692 simile
339 659 475 703 signum
499 659 543 692 de
571 669 780 703 unoquoque
811 659 1071 703 propugnaculo
1094 665 1215 692 contra
1238 659 1465 692 advenientes
1487 659 1630 699 faciant,
1653 659 1750 691 faces
1773 659 1906 693 scilicet
1928 670 1986 692 ac-

149 711 312 752 cendant,
340 723 384 744 ne
407 723 428 744 a
450 718 545 747 certo
569 719 671 756 portu
694 712 849 750 devient,
872 711 1062 745 '.admonet
2060 723 2171 748 D‚111v

235 765 416 804 Barenses,
440 766 508 798 hoc
531 765 652 798 nuntio
674 765 863 805 exhilarati,
885 765 963 807 plus
985 765 1182 798 necessario
1205 765 1419 803 festinantes,
1437 783 1476 787 —
1495 765 1606 797 animo
1623 764 1712 797 enim
1732 765 1886 808 cupienti
1901 765 1989 798 nihil

48 793 125 862 fio
147 818 228 851 satis
251 818 434 851 festinatur
458 837 498 842 ——
522 819 557 850 in
580 817 771 861 proximam
794 822 932 852 noctem
956 818 1053 850 faces
1077 818 1284 858 accendunt,
1308 817 1512 850 clamoribus
1536 823 1570 850 et
1593 817 1751 850 laudibus
1780 818 1856 860 plus
1889 818 1989 851 solito

72 867 73 870 '
147 871 313 905 laetitiam
337 873 534 906 ostendunt.
582 872 760 911 Quidnam
782 872 817 904 in
840 871 908 905 hoc
931 872 1026 905 facto
1049 872 1291 915 praetendant,
1315 871 1406 904 inter
1428 876 1564 903 nostros
1579 871 1734 915 quaestio
1752 872 1874 905 on'tur:
1891 872 1930 906 fit
1945 872 1989 904 de

145 924 302 967 pluribus
323 925 427 958 rebus
449 925 664 969 conjectura3
686 925 838 968 undique
854 929 1128 969 argumentatur;
1147 935 1166 957 a
1181 923 1461 967 prudentioribus
1475 924 1527 956 rei
1542 925 1668 957 veritas
1684 925 1989 967 depraehenditur‚

147 978 315 1011 auxilium
336 978 503 1012 videlicet
524 989 588 1021 per
611 989 705 1011 mare
727 978 796 1011 illis
820 978 996 1011 advenire.

234 1032 438 1065 Advenerat
462 1037 576 1065 tamen
599 1031 634 1063 in
658 1031 821 1064 auxilium
845 1031 944 1064 ducis
965 1030 1082 1063 fratris
1104 1030 1252 1073 plurimo
1276 1031 1406 1075 remige
1431 1041 1548 1063 comes
1564 1031 1714 1070 Siciliae,
1730 1031 1915 1075 Rogen'us,
1929 1042 1991 1064 no-

60 1104 64 1106 >
83 1083 122 1116 15
146 1084 237 1117 viter
259 1096 279 1118 a
302 1085 410 1118 fratre
434 1084 617 1118 invitatus:
643 1084 815 1118 leoninam
837 1084 874 1116 in
897 1084 990 1117 omni
1014 1083 1201 1116 certamine
1223 1083 1353 1117 habens
1376 1083 1606 1122 ferocitatem,
1634 1095 1734 1127 quam
1764 1090 1878 1117 tamen
1909 1095 1989 1127 pru-

149 1138 267 1170 dentia
289 1138 435 1182 regebat
458 1144 494 1171 et
520 1138 660 1170 fortuna
692 1138 815 1170 favens
845 1136 1082 1171 comitabatur.
1128 1137 1198 1169 Hic
1221 1136 1349 1170 callide
1381 1136 1418 1169 in
1446 1137 1514 1169 hoc
1538 1137 1680 1181 negotio
1703 1147 1821 1181 agens,
1848 1137 1989 1181 singulis

147 1191 308 1224 noctibus
331 1191 545 1233 speculatum
567 1192 619 1224 ire
639 1191 748 1235 jubet,
771 1191 799 1223 si
821 1191 912 1223 forte
935 1191 1067 1223 eminus
1082 1201 1146 1233 per
1162 1200 1258 1222 mare
1274 1189 1500 1223 adventantes
1515 1201 1621 1223 naves
1635 1191 1855 1234 aspiciantur.
1902 1191 1988 1224 Cum

147 1253 242 1282 ecce,
267 1244 416 1287 quadam
436 1244 508 1288 jam
532 1250 635 1277 nocte
657 1244 842 1283 mediante,
866 1243 962 1287 quasi
985 1243 1105 1276 stellae
1128 1243 1290 1276 lucernae
1313 1244 1477 1277 ardentes
1499 1244 1533 1276 in
1557 1245 1752 1277 summitate
1774 1244 1854 1277 mali
1876 1244 1991 1277 unius-

148 1297 312 1340 cuiusque
335 1297 432 1329 navis
455 1297 588 1329 eminus
611 1307 780 1340 apparere
798 1296 1066 1339 conspiciuntur.
1114 1295 1220 1334 Quod
1237 1306 1315 1329 cum
1330 1308 1351 1329 a
1367 1297 1492 1329 comite
1509 1304 1722 1340 compertum
1738 1298 1870 1336 fuisset,
1887 1308 1990 1330 acce-

56 1349 126 1385 20
148 1350 388 1389 lerantissime,
412 1355 544 1383 armata
566 1361 679 1389 manu,
706 1349 852 1393 plurimo
868 1360 942 1382 sese
959 1349 1081 1393 remigi
1096 1350 1253 1388 credens,
1271 1350 1408 1382 obviam
1424 1350 1602 1383 hostibus'
1593 1361 1642 1383 1re
1659 1351 1843 1384 accelerat.
1891 1349 1990 1389 Quos

149 1404 264 1436 hostes
288 1404 420 1436 eminus
443 1403 662 1446 aspicientes,
686 1403 866 1442 Barenses,
890 1402 950 1446 qui
973 1403 1039 1436 sibi
1063 1413 1146 1445 prae
1170 1403 1300 1446 gaudio
1324 1409 1558 1441 occurrerent,
1589 1404 1664 1443 rati,
1697 1404 1809 1436 minus
1840 1414 1913 1437 sese
1946 1405 1991 1436 ad

148 1455 387 1490 defensionem
412 1462 540 1499 aptant.
588 1456 714 1489 Comes
737 1466 820 1489 vero
843 1466 966 1489 navem
990 1456 1162 1495 Gocelini,
1187 1456 1247 1499 qui
1272 1457 1342 1488 dux
1372 1457 1519 1489 hostium
1549 1462 1633 1495 erat,
1660 1455 1793 1489 duabus
1823 1457 1989 1489 lanternis

66 1547 67 1550 ,
148 1521 170 1543 a
193 1510 339 1543 caeteris
362 1509 572 1548 distinctam,
595 1510 726 1542 eminus
741 1519 965 1554 cognoscens,
980 1509 1076 1542 illam
1092 1520 1211 1542 versus
1227 1509 1390 1552 impetum
1406 1520 1543 1542 suorum
1558 1510 1743 1542 intendere
1755 1509 1864 1554 jubet.
1882 1510 1990 1542 Dum-

19 1605 22 1607 *
67 1589 88 1626 3
149 1574 216 1608 que
238 1563 378 1596 fortiter
402 1562 684 1607 congrediuntur,
706 1569 802 1596 tanta
823 1563 859 1595 vi
889 1562 1059 1606 quaedam
1089 1574 1132 1596 ex
1147 1563 1272 1595 nostris
1287 1573 1391 1605 super
1405 1572 1529 1595 navem
1545 1562 1680 1595 illorum
1697 1569 1850 1606 grassata
1866 1569 1927 1602 est,
1944 1570 1991 1601 ut,

82 1615 126 1650 5
150 1625 193 1650 ex
214 1627 284 1649 uno
306 1616 413 1649 latere
435 1626 514 1648 cum
537 1617 694 1659 pondere
716 1626 886 1649 armorum
909 1616 1049 1649 incaute
1065 1616 1286 1654 decurrente,
1302 1621 1441 1648 centum
1458 1615 1707 1659 quinquaginta
1723 1616 1856 1648 loricati
1871 1626 1915 1649 ex
1930 1627 1991 1649 no-

77 1682 93 1705 ἢ
148 1669 226 1703 stris
247 1669 559 1713 submergerentur.
604 1669 731 1702 Comes
753 1679 835 1702 vero
858 1668 1064 1702 Gocelinum
1079 1679 1284 1713 oppugnans
1298 1674 1457 1711 superat·
1470 1679 1570 1712 quem
1587 1669 1622 1701 in
1639 1680 1735 1701 suam
1752 1680 1874 1702 navem
1891 1680 1991 1702 exar-

149 1727 276 1756 matam
298 1722 486 1765 recipiens,
510 1732 588 1755 cum
612 1722 784 1765 triumpho
806 1722 973 1765 gloriosus
996 1723 1043 1755 ad
1066 1723 1207 1755 fratrem
1229 1728 1360 1755 remeat
1371 1721 1394 1754 ².

34 1806 37 1807 ι
87 1808 91 1810 ι
234 1776 314 1809 Dux
335 1785 431 1814 vero,
454 1774 635 1808 amittendi
659 1775 781 1808 timore
804 1775 840 1807 in
865 1775 1053 1808 certamine
1075 1775 1202 1814 fratris,
1225 1775 1409 1818 plurimum
1433 1775 1646 1818 angebatur:
1670 1776 1800 1820 quippe
1815 1777 1908 1809 enim
1924 1786 1989 1809 nec

24 1849 27 1852 -
86 1835 91 1857 ἒ
149 1839 352 1863 succurrere
375 1834 522 1872 poterat,
546 1838 614 1861 nec
637 1828 751 1868 alium,
774 1834 922 1871 excepto
946 1828 1006 1861 illo
1029 1846 1071 1852 —
1095 1828 1241 1862 caeteris
1257 1828 1431 1862 defunctis
1446 1847 1500 1868 -,
1515 1828 1676 1862 habebat.
1722 1829 1769 1862 At
1785 1839 1862 1862 cum
1877 1829 1994 1862 victor

31 1879 33 1883 ’
92 1887 121 1908 ⁸
149 1888 185 1916 et
205 1882 388 1916 incolumis
408 1882 525 1915 redire
548 1881 735 1920 nuntiatur,
756 1881 842 1914 nulli
864 1881 1024 1914 credulus
1039 1882 1113 1915 fieri
1129 1881 1258 1920 asserit,
1274 1882 1388 1915 donec
1403 1882 1478 1914 visu
1493 1881 1559 1914 sibi
1575 1881 1820 1915 satisfaciente.
1866 1883 1991 1916 Utrum

83 1911 102 1973 3
149 1945 251 1970 sanus
272 1941 362 1969 esset
383 1933 581 1974 scrutando,
604 1934 794 1978 ingeminat
817 1945 892 1968 cum
917 1934 1077 1968 lacrimis.
1122 1935 1249 1968 Comes
1264 1945 1347 1968 vero
1364 1934 1580 1973 Gocelinum,
1595 1935 1737 1968 mirifice
1753 1945 1880 1978 graeco
1897 1946 1992 1969 more

87 1984 101 2026 ,ζ
149 1994 403 2032 praeparatum,
426 1988 519 2026 duci,
541 1988 587 2020 ad
610 1988 787 2027 honorem,
810 1993 1047 2031 repraesentat
1069 1988 1253 2030 captivum.

237 2042 409 2075 Barenses
430 2041 559 2084 itaque,
582 2051 619 2074 se
642 2051 703 2073 sua
727 2051 788 2084 spe
811 2041 977 2080 frustrati,
1001 2041 1145 2075 ulterius
1167 2052 1246 2075 suos
1268 2042 1385 2074 hostes
1415 2042 1508 2074 ferre
1533 2052 1602 2074 non
1626 2042 1791 2081 valentes,
1814 2041 1991 2075 deditione

151 2095 256 2135 facta,
271 2094 354 2128 duci
375 2095 612 2134 foederantur,
636 2104 725 2127 anno
748 2093 888 2127 Domini
910 2093 1095 2136 MLXX[I]
1108 2094 1131 2127 ⁸.
1176 2094 1256 2127 Dux
1272 2095 1343 2127 voti
1361 2105 1503 2138 compos
1519 2095 1665 2128 effectus
1680 2095 1780 2128 fratri
1797 2101 1992 2139 cunctoque

28 2140 34 2166 ⁴³
110 2147 129 2181 5
151 2148 329 2187 exercitui,
352 2148 481 2192 gratias
501 2147 669 2185 referens,
691 2146 777 2180 urbe
799 2157 864 2190 pro
887 2147 977 2180 velle
1001 2158 1062 2182 suo
1078 2148 1247 2186 ordinata,
1263 2149 1405 2181 fratrem
1421 2148 1457 2181 in
1474 2148 1627 2181 Siciliam
1642 2148 1875 2191 praemittens,
1890 2149 1991 2182 solito

28 2196 42 2247 ‘¹'
85 2210 95 2233 ;
151 2201 307 2235 exercitu
327 2201 424 2235 brevi
445 2201 569 2234 iterum
592 2199 850 2244 expeditionem
873 2211 992 2234 versus
1015 2200 1221 2234 Panormum
1245 2208 1447 2234 summovet.
1492 2202 1584 2234 Toto
1605 2201 1704 2245 junio
1729 2207 1764 2234 et
1776 2202 1861 2245 julio
1877 2211 1992 2234 mense

40 2247 47 2262 ²
88 2255 98 2292 ἱ
151 2255 244 2298 apud
266 2254 464 2288 Ydrontum
478 2253 492 2271 ⁴
514 2259 678 2294 moratus,
701 2259 863 2293 montem,
886 2264 955 2297 quo
978 2254 1115 2288 facilius
1138 2255 1326 2288 descensus
1348 2255 1394 2288 ad
1416 2266 1512 2287 mare
1538 2273 1577 2278 -
1602 2265 1710 2298 equos
1725 2254 1869 2287 navibus
1884 2254 1992 2287 intro-

152 2306 283 2342 ducens
311 2325 347 2331 —
371 2307 480 2346 fieret,
503 2305 703 2340 rescindere
725 2307 823 2340 facit.
868 2306 973 2340 Unde
997 2313 1031 2340 et
1052 2307 1271 2341 Duracenses
1293 2307 1442 2341 maxime
1466 2314 1546 2341 sunt
1570 2307 1692 2346 territi,
1717 2319 1772 2347 ne,
1795 2318 1889 2340 mare
1913 2318 1991 2340 cum

92 2388 95 2391 ,
152 2361 306 2394 exercitu
328 2366 551 2398 transmeans,
574 2369 635 2393 eos
657 2360 895 2404 impugnatum
917 2361 1061 2399 veniret,
1085 2361 1211 2394 mulam
1236 2367 1270 2394 et
1293 2372 1418 2405 equum
1443 2362 1486 2399 ei,
1510 2361 1608 2404 quasi
1631 2361 1676 2393 ad
1698 2361 1873 2399 honorem,
1896 2371 1991 2392 man-

49 2409 133 2448 40
153 2412 316 2454 ωτω,’
323 2423 366 2446 ea
388 2413 574 2447 occasione
597 2423 669 2446 rem
693 2413 908 2455 speculatum
929 2413 1078 2447 mittunt.
2053 2424 2084 2449 D,
2100 2430 2162 2445 mr

47 393 62 407 ²

53 427 60 446 3
74 430 78 431 ι

40 454 47 472 ι
82 463 85 465 ,

44 473 54 484 ι.
65 473 78 488 ξ,

46 491 79 526 ι’,

44 523 73 547 n:

60 592 67 613 ε

72 2526 99 2531 ,μ
243 2500 318 2524 2.1n
333 2499 404 2524 mari
415 2505 465 2524 om.
483 2499 522 2528 P,
541 2499 719 2524 innumeram
738 2500 795 2524 D·
815 2497 1003 2524 Gocessinum
1024 2499 1085 2524 BD
1102 2500 1152 2531 qm*
1167 2507 1181 2523 e
1196 2499 1247 2532 giss
1266 2512 1278 2518 -
1298 2497 1453 2533 Corintho]
1473 2499 1603 2524 Orencho
1623 2500 1662 2529 P‚·
1687 2498 1844 2524 Corthlcho
1871 2499 1934 2523 BD
1957 2511 1989 2516 --

44 2534 62 2568 '2-
74 2533 95 2577 ἐἰ
157 2548 182 2573 4.
199 2538 386 2574 praeponens]
408 2541 564 2574 disponens
585 2542 608 2566 C
626 2554 635 2559 -
654 2541 788 2566 Barenses
807 2540 835 2564 B
850 2554 883 2559 —
905 2547 929 2573 5.
948 2548 998 2573 per
1015 2548 1064 2565 om.
1083 2541 1108 2565 Ρ
1123 2554 1155 2559 —
1176 2547 1201 2573 7.
1219 2541 1405 2567 adventantes
1423 2543 1490 2568 BD
1509 2554 1519 2559 —
1539 2541 1627 2566 fasces
1646 2542 1670 2564 Ρ
1686 2553 1718 2558 -
1741 2547 1780 2565 ιο.
1805 2540 1899 2565 laudis
1918 2541 1943 2564 P
1959 2554 1990 2559 —--

44 2580 63 2588 ”
159 2589 199 2616 14.
222 2584 317 2608 tamen
335 2590 385 2607 m.
403 2582 460 2607 PB
477 2595 488 2601 ·
509 2580 616 2616 fratris]
637 2583 723 2608 frater
741 2590 807 2608 suus
827 2583 856 2608 D
875 2596 907 2600 —
930 2582 970 2607 18.
990 2581 1131 2616 lucernae]
1151 2583 1298 2608 lanternae
1316 2585 1344 2608 P
1361 2597 1393 2602 —
1415 2591 1456 2608 21.
1476 2581 1542 2616 sibi]
1563 2591 1646 2615 supra
1666 2583 1722 2607 ΡΒ
1741 2595 1752 2600 -
1777 2582 1846 2607 lratl
1870 2582 1935 2607 BD
1959 2595 1991 2600 —

97 2640 99 2644 ι
157 2630 200 2651 22.
217 2625 249 2650 ln
267 2625 375 2650 duabus
395 2626 461 2651 BD
480 2637 512 2643 —
532 2631 574 2658 ²3·
594 2625 702 2658 impetu
719 2625 747 2649 Ρ
760 2638 793 2643 ——
814 2624 856 2650 28.
874 2625 951 2649 enim
969 2632 1019 2649 om.
1038 2626 1066 2649 P
1082 2639 1114 2644 —
1135 2632 1176 2657 29.
1195 2626 1236 2650 At
1255 2624 1328 2660 cum]
1349 2626 1483 2651 Attamen
1504 2626 1570 2649 Ρ-
1590 2631 1633 2656 30.
1646 2622 1758 2658 asserit]
1773 2626 1867 2657 potuit
1881 2625 1947 2649 BD
1960 2638 1993 2643 —

46 2660 94 2701 *ζ
111 2669 128 2699 5
157 2673 199 2701 33.
216 2673 282 2693 nuos
299 2675 348 2693 om.
367 2667 393 2691 Ρ
408 2681 440 2686 --
460 2673 503 2700 34.
521 2668 549 2692 et
567 2668 671 2692 cuncto
689 2667 716 2691 Ρ
731 2681 762 2685 -
777 2673 819 2699 35.
838 2665 937 2700 solito]
959 2668 988 2691 ln
1008 2667 1103 2692 soluto
1124 2668 1189 2692 BD
1206 2681 1239 2687 ——
1260 2675 1301 2701 37.
1321 2668 1494 2693 Hidruntum
1514 2668 1540 2691 Ρ
1554 2668 1603 2698 qui
1620 2676 1633 2691 e
1651 2669 1750 2698 sempr-e
1770 2680 1801 2684 -
1816 2665 1857 2699 38.
1871 2666 1993 2692 recldere

45 2711 101 2740 „Q
158 2707 221 2735 BD
238 2721 271 2728 —
291 2716 334 2743 39.
352 2709 458 2734 mulam
476 2706 515 2742 et]
533 2709 694 2741 mulumque
712 2709 741 2734 Ρ
757 2721 790 2726 -
810 2715 852 2741 4ο.
872 2706 915 2742 ea]
934 2709 987 2734 hac

242 2778 251 2796 ¹
271 2779 411 2805 Gocellno
432 2780 463 2804 fu
481 2786 539 2804 uno
558 2779 602 2804 dei
618 2778 759 2804 feudatari
774 2780 927 2804 normanni
941 2780 1045 2810 ribelll,
1244 2780 1372 2803 ,Postremo
1387 2779 1474 2804 capitur
1490 2778 1610 2798 Yoscenini
1627 2778 1699 2801 navis,
1715 2780 1736 2797 εἱ
1752 2778 1801 2802 *1³⁵0

62 2842 80 2850 ,3
156 2820 204 2847 che
223 2823 246 2847 sl
266 2820 376 2854 rlsuglo
395 2829 411 2846 a
430 2822 559 2846 Durazzo
578 2828 593 2846 e
613 2822 636 2846 sl
657 2828 725 2853 pose
739 2821 766 2845 al
779 2821 903 2846 servizio
923 2821 990 2846 den’
991 2821 1044 2846 Im·
1256 2813 1315 2833 Ante
1329 2812 1408 2833 ducem
1424 2815 1504 2836 captus
1518 2811 1644 2831 deduntur.

32 2863 90 2934 31³
156 2868 223 2896 pero
234 2863 395 2889 bizantiae
426 2864 549 2894 Auno,
563 2864 595 2892 V,
609 2870 638 2895 3;
653 2863 753 2888 Aaou.
767 2863 846 2892 Bam,
857 2864 946 2888 adan.
964 2863 1044 2896 10643
1186 2862 1197 2879 ³
1217 2863 1323 2892 Questa
1342 2865 1408 2889 data
1428 2871 1482 2888 non
1503 2862 1517 2888 ὲ
1539 2865 1636 2887 esatta.
1675 2862 1739 2887 Bari
1767 2863 1792 2887 si
1818 2870 1908 2888 nri-ese
1934 2863 1990 2888 nel·
2022 2871 2051 2897 15

71 2906 133 2935 30
156 2905 192 2930 cf.
211 2903 288 2935 Gn!
305 2909 346 2938 op
365 2906 420 2936 cit„
438 2914 466 2939 p.
485 2912 537 2938 499
556 2913 570 2930 e
590 2910 648 2937 502.
1099 2906 1212 2940 l’nprlle
1231 2906 1275 2931 del
1299 2914 1375 2939 1071,
1394 2906 1470 2938 dopo
1489 2907 1565 2930 circa
1585 2907 1627 2929 tre
1650 2905 1719 2929 annl
1739 2905 1766 2929 di
1787 2905 1907 2930 assedio.
1945 2904 1993 2931 Cf.

243 2945 254 2964 ¹
274 2947 358 2974 Guu.
376 2947 698 2979 Aput...111,128-1.-30
1099 2949 1137 2973 Dr
1157 2948 1236 2977 Mzo.
1256 2949 1331 2980 VIII,
1356 2955 1412 2980 103.

595 2997 668 3017 Multo
681 3000 787 3022 super-to
801 2997 885 3021 labore,
1188 2989 1199 3006 ⁴
1219 2990 1353 3020 otranto,
1375 2992 1403 3014 in
1424 2998 1503 3022 prov.
1524 2990 1551 3014 dl
1573 2989 1669 3014 Lecce.
