2320 3424
195 646 225 669 D,
242 650 288 670 97²¹

197 911 224 934 Α,
240 916 286 931 nv

199 1764 224 1789 A,
241 1771 287 1791 139⁴

205 1819 277 1843 Cor

178 2085 252 2109 Μυκ,
272 2091 310 2110 559

364 195 411 230 24
941 189 1214 226 GAUFREDI
1241 182 1621 224 MALATERRAE
2039 190 2090 227 [A.
2111 192 2205 228 1059]

360 316 490 349 satione
522 316 622 348 fratri
646 322 680 348 et
702 315 836 358 reliquo
858 313 1034 351 exercitui,
1059 321 1204 355 quorum
1226 310 1354 343 auxilio
1376 309 1463 342 tanti
1494 309 1631 341 culmen
1662 308 1803 341 honoris
1831 308 2005 352 attigerat,
2034 309 2202 350 referens,

361 372 502 402 fratrem
526 379 603 401 cum
628 368 782 400 exercitu
806 377 869 410 per
891 366 994 399 urbes
1017 371 1051 397 et
1075 370 1187 397 castra
1209 363 1315 396 totius
1337 362 1549 405 provinciae,
1567 367 1604 394 ut
1619 371 1680 394 suo
1696 361 1840 404 imperio
1852 361 2053 401 subdantur,
2070 362 2203 407 dirigit,

360 424 433 465 ipse
456 422 590 455 interim
613 432 634 453 a
658 420 773 454 labore
797 430 833 452 se
857 419 950 462 apud
972 418 1122 461 Regium
1146 426 1319 450 recreans.

447 526 614 559 XXXVI.
638 544 679 549 ——
703 525 877 568 Rogerius
900 534 994 563 vero,
1016 523 1116 555 huius
1139 522 1223 555 artis
1246 532 1317 555 non
1341 522 1491 565 ignarus,
1516 521 1688 563 sapienter
1718 521 1907 555 exercitum
1939 522 2081 562 ducens,
2104 522 2204 557 brevi

358 580 468 624 spatio
491 580 666 622 temporis,
690 589 781 611 nunc
805 577 905 610 minis
926 577 1100 616 terrendo,
1123 586 1216 608 nunc
1240 575 1485 607 blandimentis
1507 575 1704 614 mulcendo,
1721 574 1883 609 undecim
1899 576 2130 610 famosissima
2144 587 2203 609 ca·-
2249 578 2267 610 5

362 640 431 666 stra
457 632 621 665 'lucratus
644 638 705 672 est,
728 632 764 663 in
788 636 919 664 tantum
942 636 982 663 ut
1001 630 1070 673 jam
1093 630 1129 661 in
1151 635 1224 662 tota
1246 627 1408 661 Calabria
1430 638 1496 660 nec
1519 639 1624 660 unum
1648 634 1797 661 castrum
1819 629 1982 662 reluctari
2005 640 2203 673 praesume-

357 693 418 726 ret,
441 691 587 728 excepto
610 685 683 718 solo
707 684 905 723 Sekillacio‚
930 684 1023 727 quod
1046 683 1095 715 illi
1118 683 1293 722 tenebant,
1316 682 1376 725 qui
1399 692 1419 714 a
1441 681 1556 726 Regio
1581 682 1746 715 exierant.

442 791 630 829 XXXVII.
657 810 696 815 —
722 791 828 831 Quod
851 791 1024 834 Rogerius
1047 790 1217 827 obsidens,
1242 799 1320 822 cum
1343 788 1480 822 videret
1503 787 1681 822 'celeriter
1703 799 1772 822 non
1788 799 1889 832 posse
1907 789 1996 833 capi,
2011 791 2202 825 exercitum

356 857 439 879 vero
462 857 558 879 suum
582 845 708 878 laboris
731 845 845 878 taedio
869 845 968 882 affici,
991 843 1168 877 castellum
1192 842 1366 886 quoddam
1390 848 1470 875 ante
1494 848 1630 885 portam
1653 842 1800 875 firmavit
1821 842 1996 882 militibus,
2011 844 2070 887 qui
2086 843 2202 877 Sekil-

361 900 485 933 lacium
507 899 743 937 sollicitarent,
767 905 803 931 et
825 898 888 936 his,
913 907 1001 941 quae
1024 896 1189 929 militibus
1212 895 1408 928 necessaria
1432 901 1542 935 erant,
1565 895 1733 935 muniens,
1757 895 1967 929 'exercitum
1996 896 2041 930 ab
2057 897 2202 941 expedi-
2227 899 2267 931 10
2282 902 2294 915 ³

355 954 450 986 tione
473 953 585 985 solvit.
632 952 740 984 Porro
763 951 821 990 illi,
846 951 903 994 qui
927 961 948 982 a
970 950 1084 994 Regio
1108 949 1336 983 Sekillacium
1357 948 1503 992 ingressi
1524 949 1675 987 fuerant,
1701 959 1779 982 cum
1809 949 1970 983 viderent
1991 961 2030 983 se
2059 950 2104 984 ab
2133 950 2203 984 illis

360 1007 499 1039 nimium
524 1005 690 1044 infestari,
714 1016 800 1048 quos
823 1005 997 1048 Rogerius
1019 1004 1054 1036 in
1077 1013 1166 1036 novo
1191 1003 1333 1036 castello
1358 1003 1404 1036 ad
1425 1003 1493 1035 hoc
1515 1008 1687 1044 posuerat,
1710 1013 1776 1035 nec
1808 1004 1868 1036 din
1891 1004 1987 1037 ferre
2017 1014 2133 1046 posse,
2154 1005 2199 1038 de

356 1065 458 1092 nocte
481 1070 605 1091 navem
628 1059 783 1102 ingressi,
809 1057 1119 1099 Costantinopolim
1145 1056 1337 1100 aufugiunt.
1384 1055 1644 1088 Sckillacenses
1666 1066 1761 1095 vero,
1777 1056 1934 1100 Rogerio
1948 1057 2125 1098 arcessito,
2139 1068 2202 1102 pa-

357 1123 431 1146 cem
458 1123 547 1145 anno
571 1112 707 1144 Domini
731 1111 854 1144 MLIX
877 1111 1056 1149 facientes,
1089 1115 1239 1142 castrum
1269 1108 1419 1142 reddunt
1432 1108 1454 1142 ².
1500 1108 1630 1152 Sicque
1660 1114 1734 1142 tota
1763 1109 1936 1148 Calabria,
1965 1110 2003 1142 in
2034 1117 2202 1155 cospectu

359 1165 540 1199 Guiscardi
564 1165 662 1198 ducis
686 1171 721 1198 et
742 1164 889 1208 Rogen‘i
913 1164 1028 1196 fratris
1051 1164 1102 1196 sui
1126 1162 1256 1202 sedata,
1279 1163 1380 1195 siluit.
2228 1165 2266 1198 15
2294 1163 2296 1166 ’

444 1272 646 1305 XXXVIII.
671 1290 711 1295 —
737 1271 820 1310 Sed,
845 1282 887 1303 ne
912 1270 1036 1314 aliquis
1060 1271 1230 1303 existimet
1253 1270 1340 1308 illos,
1364 1270 1475 1314 quiin
1490 1269 1653 1313 Apuliam
1677 1281 1754 1303 cum
1778 1271 1855 1304 aliis
1877 1271 2042 1305 fratribus
2057 1282 2128 1305 non
2142 1283 2202 1305 ve-

358 1333 492 1366 nerunt,
515 1326 655 1358 minoris
678 1325 846 1358 valentiae
870 1336 890 1356 a
913 1324 1056 1367 reliquis
1086 1323 1252 1356 fratribus
1282 1324 1398 1366 fuisse,
1431 1330 1465 1357 et
1494 1323 1576 1357 ideo
1606 1322 1642 1356 in
1674 1325 1888 1358 Normannia
1914 1325 2132 1365 remansisse,
2155 1325 2201 1359 de

359 1380 504 1413 Serlone
528 1389 640 1422 pauca
663 1379 812 1412 dicenda
836 1384 924 1411 sunt.
970 1378 1039 1410 Hic
1063 1378 1226 1419 denique,
1261 1388 1339 1410 cum
1369 1378 1406 1410 in
1437 1378 1649 1410 Normannia
1678 1378 1773 1411 inter
1800 1378 1921 1411 militia
1950 1379 2200 1413 laudabiliores

359 1434 618 1476 appretiaretur,
651 1444 671 1465 a
705 1432 854 1476 quodam
886 1437 1027 1475 potente
1063 1431 1223 1475 injuriam
1254 1442 1384 1474 passus,
1416 1432 1497 1465 dum
1532 1431 1708 1464 vindicare
1738 1432 1864 1472 studet,
1898 1432 1995 1465 illum
2026 1433 2200 1467 interficit.
2300 1472 2302 1474 μ

357 1487 460 1519 Unde
485 1487 571 1518 iram
594 1486 742 1519 Roberti
766 1485 911 1524 comitis,
935 1485 994 1517 filii
1018 1485 1186 1517 Riccardi
1209 1485 1364 1523 secundi,
1395 1486 1504 1528 patris
1525 1495 1608 1518 vero
1639 1485 1856 1518 famosissimi
1881 1486 1975 1530 regis
2004 1485 2198 1530 Anglorum
2223 1488 2266 1520 20

358 1540 536 1579 Willelmi,
560 1540 652 1572 ferre
675 1550 746 1572 non
770 1539 899 1577 valens,
923 1539 958 1571 in
982 1539 1192 1571 Britanniam
1216 1539 1413 1572 declinavit.
1459 1539 1530 1572 Ubi
1553 1539 1755 1582 aliquandiu
1778 1545 2020 1578 commoratus,
2047 1540 2199 1574 omnium

359 1594 502 1637 gratiam
526 1594 724 1626 strenuitate
747 1604 808 1626 sua
831 1593 995 1631 obtinuit;
1020 1604 1151 1636 perque
1175 1593 1309 1638 legatos
1330 1603 1454 1636 pacem
1472 1604 1492 1626 a
1508 1593 1634 1627 comite
1650 1592 1809 1627 Roberto
1826 1599 2004 1637 expetens,
2025 1604 2094 1628 nec
2109 1594 2201 1629 obti-

360 1658 455 1686 nens,
478 1646 593 1679 multis
616 1646 871 1680 incursionibus
894 1647 1141 1679 Normanniam
1172 1646 1363 1680 lacessivit.

449 1754 616 1787 XXXIX.
644 1773 678 1777 —
706 1755 751 1786 Et
774 1764 851 1786 cum
875 1754 1023 1797 quodam
1046 1759 1201 1796 tempore
1225 1753 1319 1787 idem
1343 1764 1460 1787 comes
1482 1754 1660 1787 Robertus
1680 1754 1717 1786 in
1733 1754 1860 1787 confini
1877 1755 2047 1788 Franciae
2062 1761 2097 1788 et
2112 1755 2202 1789 Nor-

359 1807 514 1840 manniae
539 1814 699 1848 castrum,
722 1808 816 1850 quod
838 1807 1021 1840 Teulerias
1036 1808 1174 1847 dicitur,
1191 1808 1394 1847 obsedisset,
1410 1808 1511 1841 miles
1527 1808 1668 1852 quidam
1684 1807 1900 1852 francigena,
1916 1819 1938 1841 a
1954 1814 2067 1842 castro
2082 1807 2128 1842 de
2142 1809 2200 1843 die
2224 1809 2265 1843 25

358 1862 392 1893 in
417 1862 511 1895 diem
535 1861 653 1894 exiens
677 1867 712 1894 et
734 1862 907 1905 singulare
931 1867 1108 1894 certamen
1131 1861 1175 1894 ab
1199 1863 1351 1895 exercitu
1373 1862 1652 1895 Normannorum
1668 1867 1846 1905 expetens,
1862 1862 1987 1895 multos
2001 1867 2201 1906 prosterne-

358 1915 427 1947 bat.
473 1914 598 1947 Comes
627 1925 720 1956 vero,
751 1915 912 1947 damnum
941 1925 1079 1947 suorum
1110 1916 1243 1955 timens,
1266 1915 1424 1949 omnibus
1453 1915 1682 1949 interdixerat
1711 1926 1756 1948 ne
1786 1915 1912 1959 aliquis
1941 1915 1994 1948 illi
2023 1915 2200 1955 obviaret3

355 1969 405 2001 sic
427 1968 497 2000 suis
519 1968 775 2001 excusationem
798 1968 961 2008 tribuens,
983 1975 1032 2008 ut,
1055 1979 1133 2002 cum
1150 1968 1244 2012 quod
1259 1969 1492 2012 periculosum
1509 1975 1593 2008 erat,
1608 1970 1820 2013 refugerent,
1835 1978 1906 2002 non
1921 1969 1990 2002 hoc
2003 1969 2073 2012 iam
2085 1970 2202 2004 timori

358 2022 420 2054 sed
443 2021 610 2064 principis
632 2021 869 2054 interdictioni
893 2022 1117 2055 ascriberent.
1163 2021 1270 2061 Quod
1302 2033 1379 2055 cum
1406 2021 1542 2055 Serloni
1573 2023 1608 2055 in
1637 2022 1826 2062 Britannia,
1848 2021 1908 2055 ubi
1930 2028 2013 2056 tunc
2035 2023 2202 2066 temporis

358 2074 563 2113 morabatur,
586 2074 734 2107 relatum
757 2074 887 2114 fuisset,
910 2075 1131 2119 ignominiam
1155 2075 1275 2118 populi
1290 2076 1340 2108 sui
1357 2086 1427 2109 non
1443 2076 1569 2114 ferens,
1586 2074 1735 2109 duobus'
1751 2080 1882 2108 tantum
1898 2075 2079 2119 armigeris
2094 2076 2201 2110 comi-
2223 2078 2266 2110 :30
2307 2090 2320 2122 1³.

357 2134 457 2166 tatus,
480 2127 661 2160 Teulerias
684 2128 794 2161 venit:
820 2138 950 2160 summo
973 2128 1124 2161 diluculo
1149 2135 1227 2162 ante
1258 2134 1393 2172 portam
1424 2129 1598 2173 singulare
1631 2135 1807 2162 certamen
1837 2128 2003 2167 offerens,
2033 2127 2079 2162 de
2108 2140 2199 2174 equo

359 2182 456 2214 hasta
478 2181 615 2213 innixus
638 2186 809 2223 expectat.
855 2181 965 2214 Porro
989 2181 1058 2224 ille,
1081 2183 1140 2226 qui
1165 2182 1248 2215 alios
1271 2182 1412 2226 dejcere
1436 2182 1557 2215 solitus
1588 2188 1674 2222 erat,
1704 2182 1914 2226 indignatus,
1945 2193 2024 2216 cum
2053 2183 2201 2217 maximo

357 2235 474 2267 furore
497 2233 699 2276 splendidus
721 2234 756 2265 in
779 2235 891 2273 armis,
914 2235 1074 2268 frementi
1097 2245 1186 2278 equo
1209 2236 1364 2269 advolat:
1389 2236 1464 2279 quis
1487 2236 1541 2274 sit,
1564 2236 1722 2279 requirit,
1744 2241 1781 2268 ut
1795 2246 1816 2267 a
1831 2235 1909 2268 loco
1925 2235 2078 2275 recedat,
2093 2236 2199 2270 vitam

358 2288 487 2319 tuendo
509 2288 675 2319 hortatur.
722 2286 785 2319 1110
809 2298 935 2320 nomen
957 2288 1144 2326 revelante,
1167 2290 1227 2321 sed
1251 2300 1271 2321 a
1294 2289 1371 2321 loco
1394 2289 1561 2322 recedere
1585 2289 1734 2327 nolente,
1757 2289 1838 2321 dum
1861 2289 1999 2322 fortiter
2015 2289 2199 2334 congredi-

358 2346 424 2379 tur,
448 2340 595 2372 aliorum
617 2345 808 2382 prostrator
830 2341 915 2373 forti
938 2341 1051 2374 hastili
1072 2341 1310 2384 prosternitur.
1357 2341 1468 2381 Serio,
1492 2342 1650 2385 pluribus
1680 2342 1859 2385 utriusque
1889 2342 1998 2385 partis
2026 2342 2199 2386 aspicien-
2221 2343 2263 2377 35

358 2393 462 2435 tibus,
486 2403 557 2425 non
580 2399 695 2425 tamen
719 2394 795 2436 quis
818 2399 908 2426 esset
933 2394 1131 2433 scientibus,
1161 2395 1272 2428 victor
1302 2396 1348 2428 ad
1379 2395 1526 2440 gloriam
1557 2395 1836 2428 Normannorum
1867 2395 2022 2429 efficitur.
2068 2395 2200 2440 Sicque

446 2513 469 2538 3.
491 2506 592 2529 iterum
613 2506 677 2530 BD
695 2519 726 2523 ——
747 2504 800 2536 5-6.
820 2506 935 2530 castella
954 2507 982 2530 P
999 2519 1030 2524 —
1051 2506 1075 2531 6.
1094 2508 1150 2541 jam
1170 2516 1218 2532 om.
1238 2507 1339 2533 PAB
1358 2521 1390 2526 —-
1411 2515 1435 2541 7.
1455 2509 1574 2534 Xillano
1593 2509 1633 2538 P;
1652 2508 1832 2541 Squillachio
1851 2508 1917 2533 BD
1930 2508 2085 2541 quiegss-
2098 2515 2196 2543 exege-

361 2549 424 2571 rant
446 2549 508 2571 BD
534 2561 566 2565 —
589 2554 628 2572 12.
647 2547 765 2572 castello
785 2548 819 2572 ad
838 2546 903 2582 hoc]
924 2550 1016 2573 castro
1036 2550 1063 2573 P
1081 2563 1111 2567 —
1135 2557 1175 2582 14.
1193 2550 1275 2575 MLX
1294 2552 1391 2575 PBD
1409 2565 1418 2570 -
1437 2552 1543 2576 dedunt
1563 2552 1591 2576 P
1613 2564 1646 2569 ——
1672 2557 1712 2583 17.
1737 2553 1767 2575 in
1792 2559 1840 2575 on.
1866 2552 1963 2577 ACB
1988 2565 2020 2569 —
2049 2550 2137 2584 17-18.
2161 2551 2195 2577 In

359 2589 605 2614 Normannia....
625 2591 742 2623 potente
760 2598 807 2615 om.
829 2591 894 2615 BD
913 2603 945 2608 —
962 2598 1001 2622 ¹9·
1020 2591 1161 2616 vindicari
1182 2594 1210 2616 P
1227 2606 1259 2610 —-·
1281 2599 1321 2618 22.
1342 2600 1390 2626 per
1409 2602 1491 2626 quem
1511 2594 1535 2618 A
1555 2607 1588 2611 —
1608 2598 1649 2625 ²5·
1669 2593 1817 2618 Taulerias
1837 2594 1875 2624 P3
1894 2592 2061 2619 Theolerins
2074 2594 2199 2626 BDqsu'

359 2639 372 2654 e
386 2631 437 2663 gia
458 2646 487 2649 -«
508 2631 596 2663 25-26.
617 2633 649 2656 de
669 2633 714 2656 die
735 2634 764 2656 in
784 2631 870 2665 diem]
890 2633 959 2661 ΒΑ;
979 2633 1080 2657 diatim
1100 2635 1158 2658 PA
1171 2636 1194 2659 C
1213 2649 1244 2652 —
1266 2635 1306 2659 26.
1326 2637 1424 2660 exiens
1443 2644 1491 2661 om.
1511 2637 1541 2660 D
1560 2650 1592 2654 -—
1613 2635 1655 2661 28.
1674 2644 1736 2660 cum
1761 2636 1838 2668 quod
1862 2644 1911 2661 om.
1938 2638 2003 2662 BD
2025 2650 2034 2654 -
2051 2637 2196 2670 refugiens

363 2675 426 2698 BD
445 2689 474 2691 v-
497 2681 530 2707 29
549 2675 719 2699 ascriberent
738 2676 797 2699 ΡΑ
811 2674 834 2698 C
851 2689 882 2693 —
902 2682 944 2707 31.
965 2675 1047 2707 equo]
1066 2683 1146 2707 quem
1168 2678 1193 2701 B
1211 2690 1244 2694 —
1264 2685 1306 2710 33.
1328 2679 1449 2704 ferventi
1469 2680 1493 2702 P
1509 2693 1540 2696 —
1561 2678 1651 2712 35-36.
1670 2678 1910 2712 prospicientibus
1929 2680 1956 2703 B

359 2763 471 2786 tornare
491 2763 612 2788 un'aitra
632 2764 710 2788 volta
730 2764 772 2788 sul
794 2764 908 2788 ricordo
927 2765 955 2788 dl
982 2772 1019 2788 un
1048 2766 1250 2799 vassallaggio,
1308 2767 1320 2779 “
1332 2769 1407 2800 cepit
1426 2769 1509 2800 atque
1529 2768 1656 2793 omnium
1676 2769 1907 2793 Normannorum
1926 2768 1984 2792 dux
1998 2767 2109 2793 effectus
2122 2768 2164 2794 est
2174 2786 2199 2800 „.

360 2805 494 2828 stonante
513 2812 566 2829 con
584 2806 611 2830 la
625 2807 749 2838 potenza
761 2806 913 2838 raggiunta
926 2806 973 2831 dai
987 2807 1096 2838 signori
1112 2808 1250 2832 Norman-
1394 2808 1403 2826 ¹
1422 2809 1463 2835 La
1483 2811 1585 2835 caduta
1604 2811 1632 2836 di
1647 2809 1791 2842 Squillace
1805 2811 1828 2835 si
1845 2811 1913 2835 ebbe
1927 2810 1984 2835 alla
1993 2810 2048 2835 fine
2061 2810 2106 2835 del
2123 2815 2198 2843 1059,

361 2845 411 2868 ni?
430 2843 515 2870 Certo
529 2847 633 2870 dicono
649 2847 676 2870 la
691 2849 778 2871 stessa
793 2855 857 2872 cosa
872 2855 886 2872 e
900 2848 962 2872 Lao
976 2847 1122 2878 Osrmns„
1133 2848 1182 2878 111,
1204 2856 1250 2882 19:
1307 2864 1338 2868 —
1358 2849 1372 2875 ὲ
1390 2851 1418 2875 la
1438 2852 1503 2876 data
1523 2852 1573 2877 che
1586 2850 1682 2877 ddnno
1695 2852 1784 2877 anche
1797 2853 1805 2877 i
1820 2852 1901 2877 codd.
1919 2851 1970 2886 piu
1989 2851 2150 2877 autorevou
2165 2865 2198 2870 —

364 2886 524 2919 “Rhegium
544 2888 676 2912 obsidens
694 2891 772 2920 capit
789 2891 817 2914 et
836 2897 870 2913 ex
890 2891 949 2914 tum
969 2890 1063 2922 coepit
1076 2890 1142 2914 Dux
1156 2892 1251 2924 appel·
1307 2900 1363 2917 non
1385 2894 1430 2917 nel
1454 2893 1528 2924 1060,
1548 2902 1627 2919 come
1646 2894 1786 2927 vogliono
1803 2895 1844 2927 gli
1865 2895 1969 2919 editori
1995 2894 2038 2919 del
2065 2894 2104 2919 M.
2122 2893 2156 2919 ed
2173 2893 2196 2918 il
2227 2896 2257 2924 ¹5

303 2935 336 2952 10
364 2926 440 2952 “lari
454 2929 669 2959 „eRomuALm
682 2930 886 2955 SAmerAm
899 2931 1017 2956 Annales
1029 2930 1109 2965 (ediz.
1123 2931 1250 2965 Anum),
1306 2935 1345 2958 D1
1364 2935 1440 2967 Mno,
1469 2936 1580 2967 Annalf,
1605 2937 1663 2962 vol.
1690 2936 1763 2966 vm,
1788 2945 1815 2970 p.
1844 2936 1884 2968 16,
1909 2937 2034 2962 secondo
2061 2937 2120 2961 cui:
2149 2933 2195 2960 “11

364 2970 392 2993 in
407 2969 443 2993 M.
460 2971 491 2995 G.
505 2971 540 2996 H.
554 2970 612 3001 SS.,
623 2971 695 3002 XIX,
706 2973 743 2996 ad
753 2981 816 2997 ann.
829 2971 936 3007 [1059]:
954 2973 1092 3006 “Regium
1104 2975 1250 3000 civitatem
1308 2976 1321 2990 ⁴‘
1337 2975 1403 3001 1060
1422 2985 1467 3002 era
1481 2976 1527 3010 gia
1541 2985 1596 3011 per·
1603 2978 1754 3004 Malaterra
1767 2978 1940 3003 comlnclato
1954 2978 1999 3003 col
2013 2977 2161 3003 settembre
2171 2994 2196 3010 ,μ
