2320 3424
140 228 224 266 [ΛΑ.
245 229 442 265 1061-10621
510 225 582 261 DE
608 225 778 262 REBUS
806 225 983 263 GESTIS
1010 226 1226 264 ROGERII
1253 227 1463 265 COMITIS
1491 227 1605 265 ETC.

137 344 296 385 lacessat,
319 345 604 389 ipsiMessanam
627 349 758 382 reversi
780 355 868 382 sunt.
914 348 1029 388 Quam
1051 350 1229 391 militibus,
1253 351 1312 394 qui
1335 362 1411 384 eam
1435 352 1632 386 custodiant
1641 351 1658 391 '‚
1672 358 1708 385 et
1721 353 1785 391 his,
1802 364 1890 397 quae
1905 353 1970 386 mi-

136 397 252 431 litibus
275 400 472 432 necessaria
494 400 620 440 forent,
652 402 853 441 munientes,
883 403 975 436 Faro
1004 409 1225 443 transmeato,
1256 404 1326 437 dux
1357 405 1495 447 quidem
1525 405 1563 437 in
1593 405 1767 448 Apuliam,
1798 406 1973 440 hiemandi

135 450 257 496 gratia,
280 452 435 492 secessit,
466 463 582 487 comes
611 465 695 487 vero
724 455 759 487 in
789 455 950 489 Calabria
978 457 1150 490 remansit.
1197 456 1317 490 Media
1347 468 1430 491 vero
1461 458 1584 498 hieme,
1610 459 1774 492 videlicet
1803 466 1882 493 ante
1913 470 1974 493 na-

63 533 65 538 ,
135 504 240 537 talem
263 504 418 545 Domini,
442 516 520 538 cum
542 508 703 541 ducentis
725 508 977 554 quinquaginta
999 509 1164 543 militibus
1190 510 1312 544 iterum
1336 522 1430 543 mare
1453 511 1633 550 transiens,
1656 523 1763 555 usque
1792 513 1836 545 ad
1866 513 1972 558 Agri-

62 557 114 591 5
137 557 311 601 gentinam
334 558 466 597 urbem,
488 565 595 593 totam
616 561 763 603 patriam
787 562 985 602 sollicitans,
1006 564 1211 605 praedatum
1234 564 1342 597 vadit.
1387 564 1573 597 Christiani
1594 575 1678 598 vero
1704 566 1967 608 provinciarum,

135 611 201 644 sibi
225 621 303 644 cum
327 612 475 645 maxima
498 613 631 646 laetitia
654 621 888 655 occurrentes,
912 615 948 648 in
971 615 1085 649 multis
1108 617 1283 650 subsecuti
1306 623 1392 650 sunt.
1438 618 1525 651 Inde
1551 618 1749 662 Traynam¹
1772 620 1926 659 veniens,
1948 631 1970 652 a

135 663 335 697 christianis
358 665 501 704 civibus,
526 667 585 710 qui
607 678 684 699 eam
705 667 916 708 incolebant,
939 679 1017 701 cum
1040 669 1167 712 gaudio
1194 676 1383 712 susceptus,
1407 670 1526 704 urbem
1542 671 1663 704 intrat:
1681 682 1782 715 quam
1799 683 1863 715 pro
1879 672 1968 705 velle

135 727 196 751 suo
219 716 392 757 ordinans,
415 718 545 752 ibidem
569 721 715 781 natalem
738 721 877 754 Domini
900 721 1098 755 celebravit.

2038 365 2069 389 D,
2085 371 2124 385 102
2130 372 2144 386 r

59 857 67 866 ,Α
220 823 318 858 XIX.
342 843 384 848 —
408 825 468 858 Sic
491 825 625 869 legatus
647 826 798 870 quidam,
820 837 842 859 a
864 826 1025 860 Calabria
1039 828 1192 867 veniens,
1207 827 1335 860 nuntia'
1336 828 1387 861 vit
1401 828 1561 861 abbatem
1578 830 1728 863 Sanctae
1744 831 1968 874 Euphemiae,

56 874 110 910 10
133 876 340 917 Robertum,
363 888 383 910 a
405 877 629 918 Normamfia,
652 890 673 911 a
695 878 858 922 Judicta²
859 904 869 920 ,
903 889 1021 913 sorore
1054 890 1126 919 sua,
1157 887 1262 923 nepte
1293 881 1570 914 Normannorum
1602 883 1774 922 comitum,
1805 885 1969 924 adducta,

67 931 69 933 ’
131 930 296 963 mandare
319 930 395 969 sibi,
418 937 456 964 ut
478 931 654 965 acceleret
675 942 794 965 versus
818 933 955 975 nuptias
976 933 1212 966 celebrandas.
1261 933 1368 972 Quod
1391 945 1507 967 comes
1530 935 1684 975 audiens,
1707 937 1848 970 multum
1871 938 1968 970 exhi-

130 982 259 1017 laratus
282 989 367 1017 erat.
411 985 570 1028 Denique
593 995 638 1017 ex
659 986 767 1018 multo
790 991 946 1028 tempore
969 997 1046 1019 eam
1062 987 1205 1029 cupiens
1223 1005 1261 1010 —
1278 987 1438 1030 speciosa
1452 988 1583 1031 quippe
1599 994 1634 1021 et
1649 989 1818 1032 praeclari
1833 991 1969 1034 generis

131 1042 206 1069 erat
233 1055 282 1076 —,
304 1043 432 1080 quanto
455 1038 602 1071 celerius
624 1039 746 1081 potuit,
769 1049 889 1071 versus
911 1039 1108 1072 Calabriam
1130 1041 1315 1082 repedans,
1338 1041 1398 1073 diu
1421 1041 1573 1083 cupitam
1596 1042 1746 1085 puellam
1776 1043 1885 1076 visum
1915 1045 1968 1076 ire

66 1123 67 1126 ,
131 1089 316 1124 accelerat.
364 1091 586 1134 Veniensque
609 1091 645 1123 in
667 1091 792 1124 vallem
815 1091 1022 1131 Salinarum,
1045 1093 1139 1135 apud
1162 1093 1326 1126 Sanctum
1349 1094 1551 1134 Mai-tinum,
1574 1096 1723 1138 puellam
1739 1096 1891 1140 legitime
1907 1097 1969 1129 de-

50 1136 109 1188 ’15
131 1149 326 1186 sponsatam
349 1143 508 1177 Melitum
532 1155 611 1178 cum
633 1145 780 1178 maximo
803 1145 1010 1178 musicorum
1034 1152 1208 1179 concentu
1232 1147 1421 1187 deducens,
1444 1148 1529 1181 illuc
1551 1149 1722 1182 solemnes
1743 1150 1883 1193 nuptias
1914 1160 1969 1182 ce-

50 1195 52 1197 '
132 1195 289 1230 lebravit.

2044 843 2072 867 Α,
2088 844 2135 863 ιόν

217 1304 297 1337 XX.
323 1322 360 1328 —
388 1304 526 1343 Quibus
540 1306 793 1345 consummatis,
810 1305 1012 1349 aliquandiu
1027 1316 1105 1339 cum
1120 1316 1228 1339 uxore
1243 1314 1484 1347 commoratus,
1501 1309 1596 1351 quod
1612 1309 1745 1341 animus
1760 1309 1969 1349 intenderat,

129 1356 286 1391 oblivisci
309 1358 450 1391 minime
473 1359 592 1401 potuit.
638 1358 719 1397 Sed,
744 1358 899 1391 exercitu
921 1365 1102 1401 apparato,
1126 1360 1318 1403 Rogerium
1342 1361 1546 1404 armigerum
1563 1372 1606 1394 ex
1621 1367 1719 1404 parte
1737 1362 1836 1395 ducis
1850 1372 1968 1395 secum

129 1410 317 1454 accipiens,
339 1411 524 1454 juvencula
545 1412 581 1444 in
603 1411 763 1445 Calabria
786 1411 935 1450 dimissa,
957 1412 1081 1445 iterum
1106 1412 1258 1446 Siciliam
1281 1413 1423 1453 invadit,
1446 1414 1549 1446 nullis
1571 1415 1852 1456 persuasionibus
1868 1416 1970 1448 lacri-

53 1464 108 1496 .20
130 1464 256 1497 mantis
277 1465 396 1498 uxoris
419 1465 588 1498 detentus.
633 1466 668 1498 A
690 1465 861 1499 Cathania
875 1466 1003 1509 itaque,
1019 1476 1084 1509 per
1097 1467 1249 1510 legatum
1265 1467 1443 1500 Betumine
1459 1477 1643 1500 sarraceno
1659 1468 1834 1507 arcessito,
1853 1479 1969 1501 secum

46 1508 50 1516 ⁴
130 1517 287 1556 ducens:
310 1517 519 1562 Petrelejum
532 1521 544 1538 ³
567 1519 743 1552 obsessum
765 1518 870 1552 vadit.
915 1519 1025 1552 Porro
1049 1519 1155 1558 cives,
1178 1530 1221 1552 ex
1236 1526 1334 1563 parte
1351 1519 1538 1553 Christiani
1550 1528 1585 1553 et
1600 1532 1643 1553 ex
1658 1527 1756 1563 parte
1773 1521 1969 1561 Sarraceni,

129 1570 272 1604 consilio
295 1571 444 1605 invicem
467 1572 597 1612 habito,
620 1583 743 1615 pacem
766 1582 844 1605 cum
867 1573 992 1606 comite
1016 1572 1194 1614 facientes,
1218 1580 1366 1607 castrum
1389 1584 1531 1617 seseque
1561 1575 1684 1607 ditioni
1714 1585 1795 1607 suae
1827 1575 1969 1608 dedunt.

128 1623 255 1657 Comes
277 1635 372 1665 vero,
397 1630 546 1658 castrum
568 1635 632 1669 pro
653 1625 753 1659 libito
768 1636 828 1659 suo
840 1626 989 1666 firmans,
1006 1626 1172 1659 militibus
1188 1633 1223 1659 et
1237 1627 1471 1670 stipendiariis
1487 1627 1653 1666 muniens,
1670 1628 1845 1672 Traynam
1861 1628 1970 1666 venit;

56 1719 57 1722 Ἴ
128 1686 232 1720 quam
254 1677 412 1711 similiter
434 1678 602 1717 muniens,
625 1679 804 1718 Betumen,
826 1685 864 1712 ut
887 1679 1042 1713 Siciliam
1064 1679 1262 1713 lacessitum
1287 1686 1321 1712 et
1344 1681 1389 1713 ad
1419 1691 1512 1712 suam
1544 1680 1727 1713 utilitatem
1759 1682 1967 1724 applicatum

46 1728 105 1763 ,25
128 1730 242 1771 vadat,
264 1731 487 1770 exhortatus,'
511 1732 546 1764 in
571 1731 776 1771 Calabriam,
799 1743 836 1766 se
859 1733 1068 1766 desideranti
1090 1739 1126 1766 et
1147 1734 1192 1766 de
1207 1734 1317 1766 salute
1332 1734 1439 1776 ipsius
1454 1734 1602 1767 sollicite
1624 1735 1724 1767 uxori
1739 1745 1814 1767 sese
1830 1746 1970 1778 reprae-

127 1790 275 1823 sentans,
299 1785 343 1818 de
366 1785 518 1818 adventu
541 1796 602 1819 suo
625 1796 694 1819 non
716 1785 893 1819 minimum
918 1786 1124 1820 laetificavit.

2047 1533 2071 1557 C,
2087 1538 2134 1557 ην

2045 1747 2136 1770 A,17r

213 1889 312 1923 XXI.
343 1908 386 1913 —
416 1890 577 1924 Castrum
598 1891 715 1934 itaque
738 1890 868 1924 nullum
891 1891 927 1924 in
951 1902 1012 1924 sua
1041 1903 1063 1924 a
1084 1892 1201 1925 fratris
1224 1898 1396 1935 potestate
1427 1911 1469 1917 ——-
1499 1898 1647 1936 excepto
1678 1893 1752 1926 solo
1783 1893 1903 1927 Melito
1928 1912 1969 1917 —

127 1942 268 1981 habens,
291 1954 312 1976 a
334 1943 454 1984 fratre,
476 1950 514 1976 ut
536 1945 631 1987 quod
653 1943 717 1977 sibi
740 1944 953 1987 promiserat.
977 1945 1116 1988 quando
1142 1957 1164 1979 a
1195 1945 1331 1986 Scalea,
1360 1946 1405 1978 ab
1435 1946 1511 1989 ipso
1542 1946 1714 1986 invitatus,
1745 1947 1790 1979 ad
1820 1947 1969 1979 invicem

126 1996 341 2030 reconciliati
361 2002 450 2036 sunt,
472 1997 695 2031 medietatem
718 1997 885 2031 videlicet
906 1997 1011 2032 totius
1040 1999 1236 2039 Calabriae,
1257 1999 1486 2042 impertiatur,
1517 2000 1663 2032 maxime
1695 2000 1775 2044 quia
1802 2000 1969 2043 juvencu-

219 2116 243 2134 1.
261 2110 367 2135 reversi
385 2111 460 2135 sunt.
497 2109 590 2139 Quam
602 2118 651 2136 om.
670 2111 696 2135 Ρ
711 2125 744 2130 -
763 2118 788 2136 2.
807 2112 900 2137 Pharo
918 2113 948 2138 P
963 2126 996 2131 ——
1015 2119 1039 2145 3.
1060 2112 1162 2138 Comes
1172 2129 1243 2139 .....
1251 2114 1384 2138 remanet.
1403 2113 1431 2138 P
1448 2127 1480 2130 —
1501 2120 1554 2145 3-4.
1569 2114 1646 2138 intra
1658 2113 1759 2138 Natale
1773 2113 1812 2143 1³3
1826 2113 1856 2137 in
1870 2113 1967 2137 Natali

128 2151 155 2176 B
171 2165 205 2171 —-
224 2157 278 2184 4-5.
296 2152 332 2177 ad
351 2151 541 2186 Agrigentum
558 2153 624 2178 BD
642 2167 674 2171 —
695 2158 719 2185 5.
738 2153 881 2179 XrIstiani
899 2155 925 2180 A
945 2168 977 2174 —
996 2154 1021 2180 6.
1040 2155 1169 2180 obsecuti
1187 2156 1215 2181 P
1231 2169 1242 2174 -
1261 2156 1297 2180 ad
1315 2155 1471 2188 Traginam
1491 2156 1516 2179 A
1535 2168 1546 2174 -
1565 2156 1719 2180 adveniens
1740 2156 1766 2179 P
1790 2168 1822 2173 —
1843 2161 1867 2188 7.
1887 2162 1969 2187 quam

128 2201 177 2220 m.
189 2194 248 2220 ΡΑ
262 2196 286 2220 C
300 2202 315 2219 e
327 2195 377 2227 poi
392 2195 521 2227 velleque
540 2209 572 2213 —
592 2194 617 2220 8.
630 2195 730 2221 Natali
748 2197 778 2221 D
790 2209 801 2215 -
821 2196 964 2222 celebrant
980 2198 1009 2222 P
1024 2211 1057 2215 —
1076 2205 1102 2230 9.
1122 2198 1241 2223 nunciat
1259 2198 1324 2223 BD
1336 2213 1369 2217 —
1385 2205 1425 2222 10.
1441 2195 1567 2231 Judicta]
1586 2197 1699 2222 Delicia
1717 2198 1743 2221 P
1757 2211 1765 2216 -
1784 2195 1917 2230 adducta]
1933 2197 1969 2222 ad

129 2236 191 2262 nita
209 2236 238 2261 P
252 2250 286 2255 —
307 2243 348 2269 14.
366 2235 523 2262 Salmnrum
544 2238 568 2263 C
584 2251 594 2256 -
613 2238 687 2271 apud
706 2240 834 2264 sanctum
847 2238 1005 2264 Martinam
1022 2247 1071 2265 om.
1090 2240 1155 2265 BD
1172 2254 1206 2259 —
1229 2239 1268 2265 18.
1288 2240 1423 2265 oblivisci
1436 2241 1548 2273 poterat
1560 2240 1625 2264 BD
1637 2253 1648 2258 -
1661 2240 1831 2273 armigerum
1843 2247 1892 2266 om.
1907 2241 1972 2264 BD

40 2274 55 2308 s
83 2282 98 2310 ς
130 2291 139 2296 -
157 2286 192 2303 ex
211 2280 292 2312 parte
302 2286 350 2304 m.
364 2279 429 2306 BD
440 2293 474 2299 -
489 2287 528 2312 19.
542 2279 698 2314 accipiens]
709 2281 814 2306 ducens
826 2282 855 2306 P
865 2294 898 2299 —
912 2287 954 2306 20.
968 2289 1103 2307 saraceno
1116 2289 1165 2316 per
1178 2282 1302 2315 legatum
1315 2284 1343 2308 Ρ
1354 2296 1387 2300 —
1401 2289 1443 2307 21.
1456 2282 1644 2314 Petrelegium
1659 2283 1686 2306 P
1695 2284 1719 2308 C
1730 2296 1762 2300 -
1777 2289 1818 2315 23.
1833 2282 1970 2307 dederunt

58 2323 59 2326 ’
128 2320 157 2347 P
171 2333 184 2340 -
201 2321 355 2355 stipendiis
372 2322 398 2347 A
417 2335 428 2341 -
447 2322 589 2348 militibus
607 2330 725 2348 munera
744 2323 814 2349 dans
832 2323 861 2349 D
879 2338 910 2342 —
931 2323 973 2349 28.
993 2332 1008 2349 ι
1028 2324 1116 2350 fratre
1134 2325 1235 2350 habito
1254 2325 1319 2350 BD
1330 2338 1342 2343 -
1355 2323 1464 2358 Scaiea]
1475 2325 1561 2350 Ascla
1575 2325 1616 2356 A?
1629 2324 1736 2349 AscuIa
1747 2324 1827 2355 BD3
1841 2325 1933 2349 Absca
1948 2325 1972 2348 C

215 2417 223 2433 ¹
243 2418 361 2452 Troiua,
382 2421 412 2445 in
433 2427 515 2454 prov.
535 2421 564 2446 di
585 2420 715 2447 Catanis.
1071 2423 1148 2456 degli
1167 2423 1280 2448 Evreux
1298 2424 1330 2448 in
1349 2422 1384 2448 G.
1403 2424 1449 2448 Dr.
1467 2423 1591 2452 BLA5115‚
1604 2421 1943 2455 L’n‘nmrrniompuglau
1955 2429 1969 2445 e

213 2459 224 2477 ¹
236 2461 395 2488 Dell’abate
407 2462 535 2488 Roberto
548 2463 579 2488 di
591 2463 800 2490 sant-’Eufemin
813 2462 849 2490 da
861 2466 1018 2490 essurienti
1071 2465 1100 2489 la
1119 2465 1264 2497 Conqutsta
1276 2473 1433 2495 normanna,
1448 2465 1503 2490 vol.
1516 2465 1550 2495 ΙΙ,
1564 2465 1728 2498 appendice,
1741 2472 1767 2497 p.
1781 2471 1796 2497 3
1800 2464 1853 2496 57).
1890 2464 1967 2488 Non-

125 2503 233 2529 notizie
251 2503 325 2529 om).
337 2503 459 2529 ’νη-Λα
478 2505 554 2530 neila
573 2512 623 2530 sun
642 2505 734 2532 storia
751 2506 925 2532 ecclesiastica
943 2506 1022 2540 (vedi
1076 2507 1200 2537 dimeno,
1219 2508 1340 2533 intorno
1353 2516 1369 2532 a
1383 2509 1482 2540 questa
1500 2509 1592 2541 prima
1606 2507 1711 2540 moglie
1725 2507 1770 2531 dei
1791 2507 1874 2531 conte
1892 2505 1968 2539 Rug-

1075 2551 1155 2582 gIero
1179 2550 1221 2583 gli
1242 2550 1364 2576 studiosi
1385 2551 1482 2576 hanno
1508 2551 1582 2575 fatto
1608 2549 1753 2583 parecchie
1777 2549 1968 2574 discussioni:
1997 2552 2028 2578 25

58 2535 103 2568 ἶιο
123 2543 169 2571 8ae
190 2543 358 2571 eumuna
377 2545 638 2578 Gutus-mmsis,
662 2547 811 2574 Oamznrcr
835 2549 959 2574 Vnius
985 2556 1022 2574 ar

125 2586 259 2614 Roma-1
279 2588 364 2614 Gom:
380 2589 488 2614 Ducum
500 2589 729 2620 Nummorum,
743 2592 774 2616 in
792 2591 832 2616 M.
853 2591 885 2616 G.
906 2592 941 2617 H.
960 2591 1021 2618 SS..

124 2629 182 2656 voi.
206 2630 322 2662 xxvn,
346 2639 393 2664 pp.
420 2631 472 2664 7-8‚
501 2632 600 2665 14-15).
636 2632 683 2660 Cf.
707 2633 828 2663 flumen.
856 2634 931 2659 nelle
955 2633 1021 2659 For-

63 2680 79 2714 s
124 2671 258 2707 schaagu
282 2674 340 2704 cit„
364 2674 420 2700 vol.
445 2673 519 2707 VIII,
547 2674 608 2708 284,
633 2682 648 2700 e
672 2675 831 2708 Pomrmu,
858 2676 1022 2701 L’Abbazia

56 2718 68 2736 ‘C
124 2714 292 2741 benedattn'rm
311 2715 342 2741 di
360 2716 569 2750 Sant'Eufmia
586 2718 642 2749 cit„
652 2718 764 2749 passim.
802 2717 946 2748 Giudstta,
966 2725 1021 2743 con

125 2755 154 2782 1⁸
171 2757 253 2790 quale
272 2758 294 2782 il
307 2760 391 2784 conto
403 2757 548 2792 Ruggiero
562 2766 650 2784 aveva
663 2759 773 2785 dovuto
787 2760 943 2785 scamblare
956 2767 1021 2793 pro-

126 2805 215 2825 mens
232 2800 261 2826 dl
282 2808 366 2826 nozze
384 2801 545 2834 quand’ella
563 2803 646 2827 stava
665 2809 769 2827 ancora
793 2802 839 2828 nel
859 2804 1022 2828 monastero

125 2840 156 2867 di
173 2840 372 2868 Sant'zbrulro
392 2844 422 2868 ln
441 2843 627 2873 Normandla,
645 2851 693 2869 era
711 2845 818 2869 sorella
836 2846 949 2870 uterina
964 2844 1022 2870 del-

55 2864 57 2867 -
76 2887 80 2907 ῑ
126 2882 229 2910 l’abate
246 2884 383 2911 Roberto.
419 2885 527 2911 Difattl
553 2893 600 2911 ers
626 2888 693 2912 nata
713 2886 759 2912 dal
779 2888 903 2912 secondo
922 2888 1021 2912 matri-

125 2926 224 2952 momo
243 2927 272 2952 di
292 2927 419 2953 Adevisa
438 2927 467 2952 di
488 2927 589 2953 Giroie
614 2935 668 2953 con
693 2927 866 2962 Guguelmo‚
887 2932 972 2955 conte
991 2930 1019 2955 di

2 3003 5 3011 Α
52 2971 102 2994 διο
126 2967 245 2998 Evreux.
270 2970 408 2995 entrsmbi
435 2970 613 2996 discendenti
639 2971 686 2996 dal
710 2978 800 3005 ceppo
820 2972 865 2996 del
885 2972 1021 2997 ductii—dl

126 3009 559 3044 Normandla(cf.1·A1bero
578 3013 824 3045 genealogice
843 3013 918 3038 della
931 3015 1021 3047 stirpe

1075 2593 1172 2618 alcuni
1185 2592 1303 2618 l’hanno
1313 2593 1489 2618 identificata
1503 2600 1556 2617 con
1570 2592 1750 2624 Eoemtaurga,
1764 2591 1814 2616 che
1829 2591 1857 2615 su
1870 2591 1969 2615 invece

1076 2635 1104 2659 la
1117 2635 1240 2660 secondo.
1259 2635 1364 2668 moglie
1383 2636 1428 2660 del
1449 2635 1549 2665 Conte,
1570 2634 1637 2659 altri
1651 2641 1709 2658 non
1723 2634 1820 2658 hanno
1834 2633 1908 2658 fatto
1921 2640 1970 2665 per

1077 2676 1156 2701 nulla
1170 2678 1319 2702 menzione
1333 2678 1361 2702 di
1377 2685 1445 2702 essa.
1479 2677 1526 2702 Ma
1540 2677 1561 2701 il
1576 2677 1614 2701 M.
1627 2677 1652 2701 ci
1667 2675 1701 2700 da
1714 2675 1862 2708 ragguagii
1877 2675 1969 2700 molto

1076 2716 1127 2751 piu
1148 2720 1251 2752 precisi
1277 2727 1291 2744 e
1316 2720 1404 2744 sicuri
1430 2719 1459 2744 di
1485 2719 1573 2751 quelli
1599 2718 1649 2742 che
1674 2718 1818 2751 possiamo
1844 2718 1970 2742 ricavare

1075 2759 1150 2785 dalle
1171 2760 1245 2786 fonti
1263 2761 1479 2794 diplomatiche,
1500 2761 1618 2784 intorno
1638 2759 1695 2783 alle
1712 2758 1822 2783 diverse
1841 2758 1969 2783 consorti

1076 2803 1120 2827 del
1141 2802 1235 2828 Conte
1253 2803 1281 2828 di
1297 2803 1408 2828 Sicilia.
1442 2802 1507 2835 Egli
1521 2802 1666 2833 dIstingue
1680 2800 1813 2826 Giuditta
1829 2801 1864 2825 da
1876 2800 1969 2825 Erem-

1076 2845 1172 2878 burga,
1193 2845 1220 2870 la
1241 2847 1362 2870 seconda
1388 2845 1494 2877 moglie
1520 2844 1565 2868 del
1592 2842 1694 2874 Conte,
1719 2850 1799 2867 come
1824 2843 1969 2876 distlngue

1075 2889 1173 2920 questa
1193 2887 1270 2912 daila
1290 2890 1373 2916 terza,
1393 2887 1441 2911 che
1464 2887 1492 2910 su
1512 2886 1639 2915 Matilde,
1657 2886 1756 2918 nipote
1769 2884 1813 2910 dei
1829 2885 1970 2909 marchese

1076 2930 1230 2955 Bonifazio
1250 2930 1295 2954 dei
1316 2929 1415 2954 Vasto.

1163 2971 1174 2988 ³
1193 2973 1318 2998 PetraHa
1337 2973 1475 3004 Soprana‚
1497 2973 1525 2995 in
1548 2978 1627 3003 prov.
1647 2970 1676 2995 di
1697 2970 1838 2995 Palen-mo.
1874 2970 1968 2995 Siamo

1077 3015 1152 3039 neila
1172 3016 1332 3048 primavera
1353 3014 1397 3039 del
1421 3013 1495 3038 1062.

1996 2765 2031 2791 30

1997 2991 2030 3018 35
