<?xml version="1.0" encoding="UTF-8"?>
<!DOCTYPE html PUBLIC "-//W3C//DTD XHTML 1.0 Transitional//EN"
    "http://www.w3.org/TR/xhtml1/DTD/xhtml1-transitional.dtd">
<html xmlns="http://www.w3.org/1999/xhtml" xml:lang="en" lang="en">
 <head>
  <title>
</title>
<meta http-equiv="Content-Type" content="text/html;charset=utf-8" />
  <meta name='ocr-system' content='tesseract 3.04.00' />
  <meta name='ocr-capabilities' content='ocr_page ocr_carea ocr_par ocr_line ocrx_word'/>
</head>
<body>
  <div class='ocr_page' id='page_1' title='image "./rerumitalicarums51murauoft_0100.png"; bbox 0 0 2320 3424; ppageno 0'>
   <div class='ocr_carea' id='block_1_1' title="bbox 205 833 281 856">
    <p class='ocr_par' dir='ltr' id='par_1_1' title="bbox 205 833 281 856">
     <span class='ocr_line' id='line_1_1' title="bbox 205 833 281 856; baseline -0.013 -5"><span class='ocrx_word' id='word_1_1' title='bbox 205 833 232 855; x_wconf 80' lang='lat' dir='ltr'><strong>A,</strong></span> <span class='ocrx_word' id='word_1_2' title='bbox 249 837 281 856; x_wconf 81' lang='lat' dir='ltr'><strong>7r</strong></span> 
     </span>
    </p>
   </div>
   <div class='ocr_carea' id='block_1_2' title="bbox 177 1249 307 1273">
    <p class='ocr_par' dir='ltr' id='par_1_2' title="bbox 177 1249 307 1273">
     <span class='ocr_line' id='line_1_2' title="bbox 177 1249 307 1273; baseline 0 -5"><span class='ocrx_word' id='word_1_3' title='bbox 177 1249 249 1272; x_wconf 55' lang='lat' dir='ltr'><strong>Mum,</strong></span> <span class='ocrx_word' id='word_1_4' title='bbox 270 1255 307 1273; x_wconf 79' lang='lat'><strong>55²</strong></span> 
     </span>
    </p>
   </div>
   <div class='ocr_carea' id='block_1_3' title="bbox 189 1998 281 2022">
    <p class='ocr_par' dir='ltr' id='par_1_3' title="bbox 189 1998 281 2022">
     <span class='ocr_line' id='line_1_3' title="bbox 189 1998 281 2022; baseline 0.011 -5"><span class='ocrx_word' id='word_1_5' title='bbox 189 1998 220 2022; x_wconf 74' lang='lat' dir='ltr'><strong>D,</strong></span> <span class='ocrx_word' id='word_1_6' title='bbox 237 2004 281 2020; x_wconf 61' lang='lat' dir='ltr'><strong>aar</strong></span> 
     </span>
    </p>
   </div>
   <div class='ocr_carea' id='block_1_4' title="bbox 298 2631 329 2648">
    <p class='ocr_par' dir='ltr' id='par_1_4' title="bbox 298 2631 329 2648">
     <span class='ocr_line' id='line_1_4' title="bbox 298 2631 329 2648; baseline 0 0"><span class='ocrx_word' id='word_1_7' title='bbox 298 2631 329 2648; x_wconf 87' lang='lat'><strong>10</strong></span> 
     </span>
    </p>
   </div>
   <div class='ocr_carea' id='block_1_5' title="bbox 299 2843 328 2867">
    <p class='ocr_par' dir='ltr' id='par_1_5' title="bbox 299 2843 328 2867">
     <span class='ocr_line' id='line_1_5' title="bbox 299 2843 328 2867; baseline 0 0"><span class='ocrx_word' id='word_1_8' title='bbox 299 2843 328 2867; x_wconf 85' lang='lat'><strong>15</strong></span> 
     </span>
    </p>
   </div>
   <div class='ocr_carea' id='block_1_6' title="bbox 894 215 1577 255">
    <p class='ocr_par' dir='ltr' id='par_1_6' title="bbox 894 215 1577 255">
     <span class='ocr_line' id='line_1_6' title="bbox 894 215 1577 255; baseline -0.006 0"><span class='ocrx_word' id='word_1_9' title='bbox 894 219 1169 255; x_wconf 87' lang='lat' dir='ltr'>GAUFREDI</span> <span class='ocrx_word' id='word_1_10' title='bbox 1201 216 1280 253; x_wconf 90' lang='lat' dir='ltr'><strong>MA</strong></span> <span class='ocrx_word' id='word_1_11' title='bbox 1285 215 1577 252; x_wconf 90' lang='lat' dir='ltr'>LATERRAE</span> 
     </span>
    </p>
   </div>
   <div class='ocr_carea' id='block_1_7' title="bbox 382 290 2201 303">
    <p class='ocr_par' dir='ltr' id='par_1_7' title="bbox 382 290 2201 303">
     <span class='ocr_line' id='line_1_7' title="bbox 382 290 2201 303; baseline -0.005 -1"><span class='ocrx_word' id='word_1_12' title='bbox 382 290 2201 303; x_wconf 40' lang='grc'><strong>...................................................................................................................................................................................................</strong></span> 
     </span>
    </p>
   </div>
   <div class='ocr_carea' id='block_1_8' title="bbox 2046 219 2212 256">
    <p class='ocr_par' dir='ltr' id='par_1_8' title="bbox 2046 219 2212 256">
     <span class='ocr_line' id='line_1_8' title="bbox 2046 219 2212 256; baseline -0.006 -8"><span class='ocrx_word' id='word_1_13' title='bbox 2046 219 2096 255; x_wconf 83' lang='grc' dir='ltr'><strong>[Α.</strong></span> <span class='ocrx_word' id='word_1_14' title='bbox 2118 220 2212 256; x_wconf 78' lang='lat'><strong>10⁴0]</strong></span> 
     </span>
    </p>
   </div>
   <div class='ocr_carea' id='block_1_9' title="bbox 359 336 2290 1130">
    <p class='ocr_par' dir='ltr' id='par_1_9' title="bbox 359 336 2290 1130">
     <span class='ocr_line' id='line_1_9' title="bbox 365 336 2210 384; baseline -0.003 -8"><span class='ocrx_word' id='word_1_15' title='bbox 365 343 574 383; x_wconf 85' lang='lat' dir='ltr'><strong>Maniacum,</strong></span> <span class='ocrx_word' id='word_1_16' title='bbox 586 349 697 375; x_wconf 89' lang='lat' dir='ltr'><strong>utrum</strong></span> <span class='ocrx_word' id='word_1_17' title='bbox 714 342 899 384; x_wconf 79' lang='lat' dir='ltr'>improvise</span> <span class='ocrx_word' id='word_1_18' title='bbox 916 352 960 373; x_wconf 91' lang='lat' dir='ltr'><strong>an</strong></span> <span class='ocrx_word' id='word_1_19' title='bbox 976 351 1019 372; x_wconf 86' lang='lat' dir='ltr'><strong>ex</strong></span> <span class='ocrx_word' id='word_1_20' title='bbox 1036 339 1283 371; x_wconf 80' lang='lat' dir='ltr'>deliberatione</span> <span class='ocrx_word' id='word_1_21' title='bbox 1299 338 1492 370; x_wconf 80' lang='lat' dir='ltr'><strong>industriae</strong></span> <span class='ocrx_word' id='word_1_22' title='bbox 1509 337 1622 380; x_wconf 86' lang='lat' dir='ltr'><strong>spolia</strong></span> <span class='ocrx_word' id='word_1_23' title='bbox 1638 337 1806 374; x_wconf 79' lang='lat' dir='ltr'><strong>diviserit,</strong></span> <span class='ocrx_word' id='word_1_24' title='bbox 1822 336 1868 369; x_wconf 87' lang='lat' dir='ltr'><strong>ad</strong></span> <span class='ocrx_word' id='word_1_25' title='bbox 1884 337 2052 369; x_wconf 84' lang='lat' dir='ltr'><strong>rationem</strong></span> <span class='ocrx_word' id='word_1_26' title='bbox 2067 342 2210 380; x_wconf 91' lang='lat' dir='ltr'><strong>ponunt.</strong></span> 
     </span>
     <span class='ocr_line' id='line_1_10' title="bbox 364 390 2212 439; baseline -0.003 -10"><span class='ocrx_word' id='word_1_27' title='bbox 364 397 472 429; x_wconf 91' lang='lat' dir='ltr'><strong>Porro</strong></span> <span class='ocrx_word' id='word_1_28' title='bbox 494 397 552 428; x_wconf 92' lang='lat' dir='ltr'><strong>ille</strong></span> <span class='ocrx_word' id='word_1_29' title='bbox 575 395 783 439; x_wconf 89' lang='lat' dir='ltr'><strong>indignatus,</strong></span> <span class='ocrx_word' id='word_1_30' title='bbox 808 395 903 438; x_wconf 84' lang='lat' dir='ltr'><strong>quasi</strong></span> <span class='ocrx_word' id='word_1_31' title='bbox 926 393 1089 436; x_wconf 79' lang='lat' dir='ltr'><strong>potestati</strong></span> <span class='ocrx_word' id='word_1_32' title='bbox 1120 403 1201 424; x_wconf 85' lang='lat' dir='ltr'><strong>suae</strong></span> <span class='ocrx_word' id='word_1_33' title='bbox 1233 392 1474 424; x_wconf 87' lang='lat' dir='ltr'><strong>contradicere</strong></span> <span class='ocrx_word' id='word_1_34' title='bbox 1506 391 1814 433; x_wconf 85' lang='lat' dir='ltr'><strong>praesumpserint,</strong></span> <span class='ocrx_word' id='word_1_35' title='bbox 1839 400 1917 423; x_wconf 89' lang='lat' dir='ltr'><strong>cum</strong></span> <span class='ocrx_word' id='word_1_36' title='bbox 1942 390 2046 423; x_wconf 89' lang='lat' dir='ltr'><strong>liceat</strong></span> <span class='ocrx_word' id='word_1_37' title='bbox 2071 390 2136 423; x_wconf 83' lang='lat' dir='ltr'><strong>sibi</strong></span> <span class='ocrx_word' id='word_1_38' title='bbox 2166 390 2212 423; x_wconf 89' lang='lat' dir='ltr'><strong>de</strong></span> 
     </span>
     <span class='ocr_line' id='line_1_11' title="bbox 365 442 2211 490; baseline -0.003 -8"><span class='ocrx_word' id='word_1_39' title='bbox 365 450 492 482; x_wconf 86' lang='lat' dir='ltr'><strong>eisdem</strong></span> <span class='ocrx_word' id='word_1_40' title='bbox 516 449 634 490; x_wconf 86' lang='lat' dir='ltr'><strong>spoliis</strong></span> <span class='ocrx_word' id='word_1_41' title='bbox 657 459 720 490; x_wconf 93' lang='lat' dir='ltr'><strong>pro</strong></span> <span class='ocrx_word' id='word_1_42' title='bbox 743 447 839 480; x_wconf 89' lang='lat' dir='ltr'><strong>libito</strong></span> <span class='ocrx_word' id='word_1_43' title='bbox 862 457 922 479; x_wconf 91' lang='lat' dir='ltr'><strong>suo</strong></span> <span class='ocrx_word' id='word_1_44' title='bbox 946 456 1062 489; x_wconf 86' lang='lat' dir='ltr'><strong>agere,</strong></span> <span class='ocrx_word' id='word_1_45' title='bbox 1085 456 1149 487; x_wconf 91' lang='lat' dir='ltr'><strong>per</strong></span> <span class='ocrx_word' id='word_1_46' title='bbox 1171 445 1282 486; x_wconf 90' lang='lat' dir='ltr'><strong>spatia</strong></span> <span class='ocrx_word' id='word_1_47' title='bbox 1310 450 1502 476; x_wconf 89' lang='lat' dir='ltr'><strong>castrorum</strong></span> <span class='ocrx_word' id='word_1_48' title='bbox 1525 442 1672 476; x_wconf 84' lang='lat' dir='ltr'><strong>fustibus</strong></span> <span class='ocrx_word' id='word_1_49' title='bbox 1696 442 1877 476; x_wconf 89' lang='lat' dir='ltr'><strong>caedendo</strong></span> <span class='ocrx_word' id='word_1_50' title='bbox 1892 442 1912 481; x_wconf 93' lang='lat'><strong>¹,</strong></span> <span class='ocrx_word' id='word_1_51' title='bbox 1929 443 1974 476; x_wconf 87' lang='lat' dir='ltr'><strong>ad</strong></span> <span class='ocrx_word' id='word_1_52' title='bbox 1990 443 2211 487; x_wconf 79' lang='lat' dir='ltr'><strong>ignominiam</strong></span> 
     </span>
     <span class='ocr_line' id='line_1_12' title="bbox 362 497 2210 545; baseline -0.003 -11"><span class='ocrx_word' id='word_1_53' title='bbox 362 502 474 545; x_wconf 89' lang='lat' dir='ltr'><strong>gentis</strong></span> <span class='ocrx_word' id='word_1_54' title='bbox 497 508 633 534; x_wconf 82' lang='lat' dir='ltr'><strong>nostrae</strong></span> <span class='ocrx_word' id='word_1_55' title='bbox 658 500 876 533; x_wconf 89' lang='lat' dir='ltr'><strong>contumeliis</strong></span> <span class='ocrx_word' id='word_1_56' title='bbox 899 499 985 531; x_wconf 90' lang='lat' dir='ltr'><strong>affici</strong></span> <span class='ocrx_word' id='word_1_57' title='bbox 1010 499 1201 541; x_wconf 86' lang='lat' dir='ltr'><strong>praecepit.</strong></span> <span class='ocrx_word' id='word_1_58' title='bbox 1247 497 1447 530; x_wconf 87' lang='lat' dir='ltr'><strong>Harduinus</strong></span> <span class='ocrx_word' id='word_1_59' title='bbox 1469 497 1610 530; x_wconf 88' lang='lat' dir='ltr'><strong>rediens</strong></span> <span class='ocrx_word' id='word_1_60' title='bbox 1627 508 1705 529; x_wconf 91' lang='lat' dir='ltr'><strong>cum</strong></span> <span class='ocrx_word' id='word_1_61' title='bbox 1721 497 1804 529; x_wconf 87' lang='lat' dir='ltr'><strong>talia</strong></span> <span class='ocrx_word' id='word_1_62' title='bbox 1819 497 1965 536; x_wconf 86' lang='lat' dir='ltr'><strong>nuntiat,</strong></span> <span class='ocrx_word' id='word_1_63' title='bbox 1982 497 2089 530; x_wconf 86' lang='lat' dir='ltr'><strong>nostri</strong></span> <span class='ocrx_word' id='word_1_64' title='bbox 2104 507 2210 541; x_wconf 89' lang='lat' dir='ltr'><strong>grave</strong></span> 
     </span>
     <span class='ocr_line' id='line_1_13' title="bbox 363 549 2277 596; baseline -0.002 -9"><span class='ocrx_word' id='word_1_65' title='bbox 363 555 525 592; x_wconf 80' lang='lat' dir='ltr'><strong>ferentes,</strong></span> <span class='ocrx_word' id='word_1_66' title='bbox 549 555 584 586; x_wconf 87' lang='lat' dir='ltr'><strong>in</strong></span> <span class='ocrx_word' id='word_1_67' title='bbox 609 555 762 587; x_wconf 87' lang='lat' dir='ltr'><strong>Graecos</strong></span> <span class='ocrx_word' id='word_1_68' title='bbox 784 553 962 596; x_wconf 87' lang='lat' dir='ltr'><strong>insurgere</strong></span> <span class='ocrx_word' id='word_1_69' title='bbox 987 551 1192 584; x_wconf 88' lang='lat' dir='ltr'><strong>deliberant.</strong></span> <span class='ocrx_word' id='word_1_70' title='bbox 1240 550 1312 583; x_wconf 90' lang='lat' dir='ltr'><strong>Sed</strong></span> <span class='ocrx_word' id='word_1_71' title='bbox 1335 550 1545 589; x_wconf 87' lang='lat' dir='ltr'><strong>Harduinus,</strong></span> <span class='ocrx_word' id='word_1_72' title='bbox 1569 550 1626 582; x_wconf 90' lang='lat' dir='ltr'><strong>vix</strong></span> <span class='ocrx_word' id='word_1_73' title='bbox 1650 560 1710 582; x_wconf 91' lang='lat' dir='ltr'><strong>eos</strong></span> <span class='ocrx_word' id='word_1_74' title='bbox 1733 560 1968 593; x_wconf 89' lang='lat' dir='ltr'><strong>compescens,</strong></span> <span class='ocrx_word' id='word_1_75' title='bbox 1991 550 2108 583; x_wconf 90' lang='lat' dir='ltr'><strong>utilius</strong></span> <span class='ocrx_word' id='word_1_76' title='bbox 2129 560 2214 583; x_wconf 89' lang='lat' dir='ltr'><strong>con-</strong></span> <span class='ocrx_word' id='word_1_77' title='bbox 2258 549 2277 583; x_wconf 87' lang='grc'><strong>5</strong></span> 
     </span>
     <span class='ocr_line' id='line_1_14' title="bbox 362 597 2290 647; baseline -0.002 -7"><span class='ocrx_word' id='word_1_78' title='bbox 362 609 472 640; x_wconf 90' lang='lat' dir='ltr'><strong>silium</strong></span> <span class='ocrx_word' id='word_1_79' title='bbox 496 608 607 641; x_wconf 88' lang='lat' dir='ltr'><strong>dedit:</strong></span> <span class='ocrx_word' id='word_1_80' title='bbox 632 607 768 640; x_wconf 88' lang='lat' dir='ltr'><strong>scilicet</strong></span> <span class='ocrx_word' id='word_1_81' title='bbox 790 613 837 645; x_wconf 93' lang='lat' dir='ltr'><strong>ut,</strong></span> <span class='ocrx_word' id='word_1_82' title='bbox 860 607 911 638; x_wconf 88' lang='lat' dir='ltr'><strong>ira</strong></span> <span class='ocrx_word' id='word_1_83' title='bbox 935 605 1157 643; x_wconf 86' lang='lat' dir='ltr'><strong>dissimulata,</strong></span> <span class='ocrx_word' id='word_1_84' title='bbox 1182 605 1258 647; x_wconf 89' lang='lat' dir='ltr'><strong>ipse</strong></span> <span class='ocrx_word' id='word_1_85' title='bbox 1281 604 1462 636; x_wconf 86' lang='lat' dir='ltr'><strong>vilioribus</strong></span> <span class='ocrx_word' id='word_1_86' title='bbox 1485 604 1637 636; x_wconf 86' lang='lat' dir='ltr'><strong>vestibus</strong></span> <span class='ocrx_word' id='word_1_87' title='bbox 1651 604 1687 636; x_wconf 90' lang='lat' dir='ltr'><strong>in</strong></span> <span class='ocrx_word' id='word_1_88' title='bbox 1702 604 1934 646; x_wconf 86' lang='lat' dir='ltr'><strong>praesentiam</strong></span> <span class='ocrx_word' id='word_1_89' title='bbox 1951 604 2108 637; x_wconf 89' lang='lat' dir='ltr'><strong>Maniaci</strong></span> <span class='ocrx_word' id='word_1_90' title='bbox 2131 614 2212 647; x_wconf 85' lang='lat' dir='ltr'><strong>pro-</strong></span> <span class='ocrx_word' id='word_1_91' title='bbox 2289 597 2290 600; x_wconf 11' lang='grc' dir='ltr'><strong>Ἴ</strong></span> 
     </span>
     <span class='ocr_line' id='line_1_15' title="bbox 362 657 2211 702; baseline -0.002 -8"><span class='ocrx_word' id='word_1_92' title='bbox 362 661 474 698; x_wconf 80' lang='lat' dir='ltr'><strong>cedat,</strong></span> <span class='ocrx_word' id='word_1_93' title='bbox 499 661 622 699; x_wconf 90' lang='lat' dir='ltr'><strong>donec,</strong></span> <span class='ocrx_word' id='word_1_94' title='bbox 645 661 712 693; x_wconf 89' lang='lat' dir='ltr'><strong>illis</strong></span> <span class='ocrx_word' id='word_1_95' title='bbox 735 661 846 692; x_wconf 90' lang='lat' dir='ltr'><strong>minus</strong></span> <span class='ocrx_word' id='word_1_96' title='bbox 868 658 1130 702; x_wconf 86' lang='lat' dir='ltr'><strong>suspicantibus,</strong></span> <span class='ocrx_word' id='word_1_97' title='bbox 1155 658 1228 700; x_wconf 89' lang='lat' dir='ltr'><strong>ipse</strong></span> <span class='ocrx_word' id='word_1_98' title='bbox 1253 668 1273 689; x_wconf 88' lang='lat' dir='ltr'><strong>a</strong></span> <span class='ocrx_word' id='word_1_99' title='bbox 1297 658 1434 690; x_wconf 89' lang='lat' dir='ltr'><strong>notario</strong></span> <span class='ocrx_word' id='word_1_100' title='bbox 1450 657 1614 696; x_wconf 63' lang='lat' dir='ltr'><strong>Maniam,</strong></span> <span class='ocrx_word' id='word_1_101' title='bbox 1632 657 1731 690; x_wconf 89' lang='lat' dir='ltr'><strong>cuius</strong></span> <span class='ocrx_word' id='word_1_102' title='bbox 1746 657 1902 690; x_wconf 76' lang='lat' dir='ltr'><strong>amicitia</strong></span> <span class='ocrx_word' id='word_1_103' title='bbox 1917 657 2110 696; x_wconf 71' lang='lat' dir='ltr'><strong>fruebatur,</strong></span> <span class='ocrx_word' id='word_1_104' title='bbox 2127 657 2211 702; x_wconf 89' lang='lat' dir='ltr'><strong>chy·-</strong></span> 
     </span>
     <span class='ocr_line' id='line_1_16' title="bbox 361 709 2211 758; baseline -0.002 -11"><span class='ocrx_word' id='word_1_105' title='bbox 361 715 579 758; x_wconf 86' lang='lat' dir='ltr'><strong>rographum‚</strong></span> <span class='ocrx_word' id='word_1_106' title='bbox 603 724 670 757; x_wconf 90' lang='lat' dir='ltr'><strong>quo</strong></span> <span class='ocrx_word' id='word_1_107' title='bbox 695 714 836 746; x_wconf 91' lang='lat' dir='ltr'><strong>liberius</strong></span> <span class='ocrx_word' id='word_1_108' title='bbox 860 718 1037 745; x_wconf 87' lang='lat' dir='ltr'><strong>transeant</strong></span> <span class='ocrx_word' id='word_1_109' title='bbox 1059 712 1195 750; x_wconf 77' lang='lat' dir='ltr'><strong>Fatum,</strong></span> <span class='ocrx_word' id='word_1_110' title='bbox 1221 711 1343 753; x_wconf 88' lang='lat' dir='ltr'><strong>quovis</strong></span> <span class='ocrx_word' id='word_1_111' title='bbox 1366 717 1441 743; x_wconf 86' lang='lat' dir='ltr'><strong>astu</strong></span> <span class='ocrx_word' id='word_1_112' title='bbox 1464 711 1624 753; x_wconf 89' lang='lat' dir='ltr'><strong>accipiat.</strong></span> <span class='ocrx_word' id='word_1_113' title='bbox 1673 709 1779 749; x_wconf 89' lang='lat' dir='ltr'><strong>Quod</strong></span> <span class='ocrx_word' id='word_1_114' title='bbox 1802 721 1880 744; x_wconf 88' lang='lat' dir='ltr'><strong>cum</strong></span> <span class='ocrx_word' id='word_1_115' title='bbox 1903 711 1953 743; x_wconf 89' lang='lat' dir='ltr'><strong>sic</strong></span> <span class='ocrx_word' id='word_1_116' title='bbox 1984 711 2211 750; x_wconf 82' lang='lat' dir='ltr'><strong>machinatur,</strong></span> 
     </span>
     <span class='ocr_line' id='line_1_17' title="bbox 360 763 2211 810; baseline -0.002 -10"><span class='ocrx_word' id='word_1_117' title='bbox 360 768 551 807; x_wconf 87' lang='lat' dir='ltr'><strong>Maniacus‚</strong></span> <span class='ocrx_word' id='word_1_118' title='bbox 574 768 628 800; x_wconf 90' lang='lat' dir='ltr'><strong>his</strong></span> <span class='ocrx_word' id='word_1_119' title='bbox 652 778 739 810; x_wconf 84' lang='lat' dir='ltr'><strong>quae</strong></span> <span class='ocrx_word' id='word_1_120' title='bbox 761 766 955 810; x_wconf 88' lang='lat' dir='ltr'><strong>agebantur</strong></span> <span class='ocrx_word' id='word_1_121' title='bbox 984 765 1136 808; x_wconf 86' lang='lat' dir='ltr'><strong>ignarus,</strong></span> <span class='ocrx_word' id='word_1_122' title='bbox 1164 764 1443 797; x_wconf 82' lang='lat' dir='ltr'><strong>benevolentiam</strong></span> <span class='ocrx_word' id='word_1_123' title='bbox 1474 764 1594 796; x_wconf 89' lang='lat' dir='ltr'><strong>militis</strong></span> <span class='ocrx_word' id='word_1_124' title='bbox 1624 764 1793 802; x_wconf 89' lang='lat' dir='ltr'><strong>&#39;laudare‚</strong></span> <span class='ocrx_word' id='word_1_125' title='bbox 1823 774 1967 796; x_wconf 86' lang='lat' dir='ltr'><strong>munera</strong></span> <span class='ocrx_word' id='word_1_126' title='bbox 1996 763 2211 807; x_wconf 88' lang='lat' dir='ltr'><strong>promittere,</strong></span> 
     </span>
     <span class='ocr_line' id='line_1_18' title="bbox 362 817 2211 860; baseline -0.001 -7"><span class='ocrx_word' id='word_1_127' title='bbox 362 821 602 853; x_wconf 82' lang='lat' dir='ltr'><strong>subsannando</strong></span> <span class='ocrx_word' id='word_1_128' title='bbox 626 827 740 853; x_wconf 89' lang='lat' dir='ltr'><strong>tamen</strong></span> <span class='ocrx_word' id='word_1_129' title='bbox 764 831 842 852; x_wconf 90' lang='lat' dir='ltr'><strong>cum</strong></span> <span class='ocrx_word' id='word_1_130' title='bbox 866 820 935 851; x_wconf 89' lang='lat' dir='ltr'><strong>suis</strong></span> <span class='ocrx_word' id='word_1_131' title='bbox 957 819 1071 851; x_wconf 87' lang='lat' dir='ltr'><strong>ridere</strong></span> <span class='ocrx_word' id='word_1_132' title='bbox 1096 818 1253 860; x_wconf 89' lang='lat' dir='ltr'><strong>&#39;incepit.</strong></span> <span class='ocrx_word' id='word_1_133' title='bbox 1301 818 1387 850; x_wconf 87' lang='lat' dir='ltr'><strong>Cum</strong></span> <span class='ocrx_word' id='word_1_134' title='bbox 1411 823 1526 850; x_wconf 87' lang='lat' dir='ltr'><strong>autem</strong></span> <span class='ocrx_word' id='word_1_135' title='bbox 1551 818 1717 850; x_wconf 88' lang='lat' dir='ltr'><strong>cartulam</strong></span> <span class='ocrx_word' id='word_1_136' title='bbox 1740 828 1761 849; x_wconf 88' lang='lat' dir='ltr'><strong>a</strong></span> <span class='ocrx_word' id='word_1_137' title='bbox 1777 818 1923 856; x_wconf 83' lang='lat' dir='ltr'><strong>notario,</strong></span> <span class='ocrx_word' id='word_1_138' title='bbox 1947 817 2045 860; x_wconf 81' lang='lat' dir='ltr'><strong>quasi</strong></span> <span class='ocrx_word' id='word_1_139' title='bbox 2067 817 2211 860; x_wconf 85' lang='lat' dir='ltr'><strong>aliquod</strong></span> 
     </span>
     <span class='ocr_line' id='line_1_19' title="bbox 359 870 2210 919; baseline -0.003 -11"><span class='ocrx_word' id='word_1_140' title='bbox 359 875 534 919; x_wconf 86' lang='lat' dir='ltr'><strong>negotium</strong></span> <span class='ocrx_word' id='word_1_141' title='bbox 557 885 676 907; x_wconf 89' lang='lat' dir='ltr'><strong>versus</strong></span> <span class='ocrx_word' id='word_1_142' title='bbox 698 874 893 907; x_wconf 86' lang='lat' dir='ltr'><strong>Calabriam</strong></span> <span class='ocrx_word' id='word_1_143' title='bbox 918 873 1060 910; x_wconf 88' lang='lat' dir='ltr'><strong>habens,</strong></span> <span class='ocrx_word' id='word_1_144' title='bbox 1085 872 1282 904; x_wconf 87' lang='lat' dir='ltr'><strong>Harduinus</strong></span> <span class='ocrx_word' id='word_1_145' title='bbox 1312 873 1515 914; x_wconf 87' lang='lat' dir='ltr'><strong>accepisset,</strong></span> <span class='ocrx_word' id='word_1_146' title='bbox 1546 871 1654 904; x_wconf 88' lang='lat' dir='ltr'><strong>nostri</strong></span> <span class='ocrx_word' id='word_1_147' title='bbox 1686 871 1773 904; x_wconf 85' lang='lat' dir='ltr'><strong>clam</strong></span> <span class='ocrx_word' id='word_1_148' title='bbox 1805 870 1849 904; x_wconf 91' lang='lat' dir='ltr'><strong>de</strong></span> <span class='ocrx_word' id='word_1_149' title='bbox 1881 877 1985 904; x_wconf 87' lang='lat' dir='ltr'><strong>nocte</strong></span> <span class='ocrx_word' id='word_1_150' title='bbox 2015 870 2210 904; x_wconf 75' lang='lat' dir='ltr'><strong>Messanam</strong></span> 
     </span>
     <span class='ocr_line' id='line_1_20' title="bbox 359 923 2211 971; baseline -0.003 -10"><span class='ocrx_word' id='word_1_151' title='bbox 359 938 467 971; x_wconf 86' lang='lat' dir='ltr'><strong>usque</strong></span> <span class='ocrx_word' id='word_1_152' title='bbox 491 928 675 971; x_wconf 86' lang='lat' dir='ltr'><strong>progressi,</strong></span> <span class='ocrx_word' id='word_1_153' title='bbox 699 927 825 960; x_wconf 87' lang='lat' dir='ltr'><strong>Farum</strong></span> <span class='ocrx_word' id='word_1_154' title='bbox 849 927 989 968; x_wconf 89' lang='lat' dir='ltr'><strong>impune</strong></span> <span class='ocrx_word' id='word_1_155' title='bbox 1005 930 1195 958; x_wconf 89' lang='lat' dir='ltr'><strong>transeunt.</strong></span> <span class='ocrx_word' id='word_1_156' title='bbox 1242 925 1371 968; x_wconf 90' lang='lat' dir='ltr'><strong>Sicque</strong></span> <span class='ocrx_word' id='word_1_157' title='bbox 1396 935 1516 957; x_wconf 90' lang='lat' dir='ltr'><strong>versus</strong></span> <span class='ocrx_word' id='word_1_158' title='bbox 1546 923 1710 967; x_wconf 86' lang='lat' dir='ltr'><strong>Apuliam</strong></span> <span class='ocrx_word' id='word_1_159' title='bbox 1734 925 1928 963; x_wconf 87' lang='lat' dir='ltr'><strong>tendentes,</strong></span> <span class='ocrx_word' id='word_1_160' title='bbox 1952 923 2150 957; x_wconf 78' lang='lat' dir='ltr'><strong>Calabriam</strong></span> <span class='ocrx_word' id='word_1_161' title='bbox 2174 928 2211 956; x_wconf 87' lang='lat' dir='ltr'><strong>et</strong></span> 
     </span>
     <span class='ocr_line' id='line_1_21' title="bbox 361 976 2211 1024; baseline -0.003 -10"><span class='ocrx_word' id='word_1_162' title='bbox 361 991 597 1024; x_wconf 89' lang='lat' dir='ltr'><strong>quaecumque</strong></span> <span class='ocrx_word' id='word_1_163' title='bbox 623 981 835 1014; x_wconf 89' lang='lat' dir='ltr'><strong>Graecorum</strong></span> <span class='ocrx_word' id='word_1_164' title='bbox 858 980 942 1023; x_wconf 83' lang='lat' dir='ltr'><strong>juris</strong></span> <span class='ocrx_word' id='word_1_165' title='bbox 966 989 1039 1011; x_wconf 89' lang='lat' dir='ltr'><strong>esse</strong></span> <span class='ocrx_word' id='word_1_166' title='bbox 1062 978 1231 1016; x_wconf 84' lang='lat' dir='ltr'><strong>sciebant,</strong></span> <span class='ocrx_word' id='word_1_167' title='bbox 1254 984 1440 1018; x_wconf 86' lang='lat' dir='ltr'><strong>vastantes,</strong></span> <span class='ocrx_word' id='word_1_168' title='bbox 1464 983 1688 1020; x_wconf 83' lang='lat' dir='ltr'><strong>percurrunt:</strong></span> <span class='ocrx_word' id='word_1_169' title='bbox 1713 978 1832 1020; x_wconf 90' lang='lat' dir='ltr'><strong>sicque</strong></span> <span class='ocrx_word' id='word_1_170' title='bbox 1855 978 2020 1011; x_wconf 76' lang='lat' dir='ltr'><strong>faciendo</strong></span> <span class='ocrx_word' id='word_1_171' title='bbox 2043 987 2152 1020; x_wconf 89' lang='lat' dir='ltr'><strong>usque</strong></span> <span class='ocrx_word' id='word_1_172' title='bbox 2175 976 2211 1009; x_wconf 90' lang='lat' dir='ltr'><strong>in</strong></span> 
     </span>
     <span class='ocr_line' id='line_1_22' title="bbox 360 1030 2211 1078; baseline -0.002 -11"><span class='ocrx_word' id='word_1_173' title='bbox 360 1035 520 1078; x_wconf 82' lang='lat' dir='ltr'><strong>Apuliam</strong></span> <span class='ocrx_word' id='word_1_174' title='bbox 544 1041 786 1077; x_wconf 85' lang='lat' dir='ltr'><strong>pervenerunt.</strong></span> <span class='ocrx_word' id='word_1_175' title='bbox 834 1034 905 1066; x_wconf 86' lang='lat' dir='ltr'><strong>Sed</strong></span> <span class='ocrx_word' id='word_1_176' title='bbox 929 1032 1147 1066; x_wconf 88' lang='lat' dir='ltr'><strong>dolositatem</strong></span> <span class='ocrx_word' id='word_1_177' title='bbox 1173 1032 1340 1065; x_wconf 90' lang='lat' dir='ltr'><strong>Gaimarii</strong></span> <span class='ocrx_word' id='word_1_178' title='bbox 1363 1032 1530 1074; x_wconf 90' lang='lat' dir='ltr'><strong>principis</strong></span> <span class='ocrx_word' id='word_1_179' title='bbox 1561 1038 1822 1076; x_wconf 88' lang='lat' dir='ltr'><strong>cognoscentes,</strong></span> <span class='ocrx_word' id='word_1_180' title='bbox 1854 1032 1900 1064; x_wconf 87' lang='lat' dir='ltr'><strong>ad</strong></span> <span class='ocrx_word' id='word_1_181' title='bbox 1930 1031 2042 1074; x_wconf 88' lang='lat' dir='ltr'><strong>ipsum</strong></span> <span class='ocrx_word' id='word_1_182' title='bbox 2071 1030 2211 1064; x_wconf 85' lang='lat' dir='ltr'><strong>minime</strong></span> 
     </span>
     <span class='ocr_line' id='line_1_23' title="bbox 359 1084 2016 1130; baseline -0.002 -10"><span class='ocrx_word' id='word_1_183' title='bbox 359 1089 581 1126; x_wconf 88' lang='lat' dir='ltr'><strong>transierunt;</strong></span> <span class='ocrx_word' id='word_1_184' title='bbox 605 1093 711 1121; x_wconf 87' lang='lat' dir='ltr'><strong>totam</strong></span> <span class='ocrx_word' id='word_1_185' title='bbox 737 1087 952 1130; x_wconf 89' lang='lat' dir='ltr'><strong>provinciam</strong></span> <span class='ocrx_word' id='word_1_186' title='bbox 976 1086 1188 1124; x_wconf 82' lang='lat' dir='ltr'><strong>infestando,</strong></span> <span class='ocrx_word' id='word_1_187' title='bbox 1213 1085 1280 1117; x_wconf 85' lang='lat' dir='ltr'><strong>sibi</strong></span> <span class='ocrx_word' id='word_1_188' title='bbox 1304 1096 1380 1118; x_wconf 90' lang='lat' dir='ltr'><strong>eam</strong></span> <span class='ocrx_word' id='word_1_189' title='bbox 1403 1085 1609 1129; x_wconf 81' lang='lat' dir='ltr'><strong>subjugandi</strong></span> <span class='ocrx_word' id='word_1_190' title='bbox 1633 1085 1815 1119; x_wconf 91' lang='lat' dir='ltr'><strong>consilium</strong></span> <span class='ocrx_word' id='word_1_191' title='bbox 1840 1085 1981 1128; x_wconf 80' lang='lat' dir='ltr'><strong>capiunt</strong></span> <span class='ocrx_word' id='word_1_192' title='bbox 1994 1084 2016 1116; x_wconf 79' lang='lat'><strong>².</strong></span> 
     </span>
    </p>
   </div>
   <div class='ocr_carea' id='block_1_10' title="bbox 2268 0 2320 1640">
    <p class='ocr_par' dir='ltr' id='par_1_10' title="bbox 2268 0 2320 1640">
     <span class='ocr_line' id='line_1_24' title="bbox 2268 0 2320 1640; baseline 0 0"><span class='ocrx_word' id='word_1_193' title='bbox 2268 0 2320 1640; x_wconf 95' lang='lat' dir='ltr'><strong>   </strong></span> 
     </span>
    </p>
   </div>
   <div class='ocr_carea' id='block_1_11' title="bbox 2238 797 2289 851">
    <p class='ocr_par' dir='ltr' id='par_1_11' title="bbox 2238 790 2289 851">
     <span class='ocr_line' id='line_1_25' title="bbox 2238 797 2289 851; baseline 0.039 -2"><span class='ocrx_word' id='word_1_194' title='bbox 2238 797 2289 851; x_wconf 70' lang='grc' dir='ltr'><strong>ω’</strong></span> 
     </span>
    </p>
   </div>
   <div class='ocr_carea' id='block_1_12' title="bbox 2235 1063 2286 1118">
    <p class='ocr_par' dir='ltr' id='par_1_12' title="bbox 2235 1063 2294 1137">
     <span class='ocr_line' id='line_1_26' title="bbox 2235 1063 2286 1118; baseline -0.017 0"><span class='ocrx_word' id='word_1_195' title='bbox 2235 1083 2275 1118; x_wconf 84' lang='lat'><strong>15</strong></span> <span class='ocrx_word' id='word_1_196' title='bbox 2284 1063 2286 1066; x_wconf 66' lang='lat'>‚</span> 
     </span>
    </p>
   </div>
   <div class='ocr_carea' id='block_1_13' title="bbox 353 1181 2297 2138">
    <p class='ocr_par' dir='ltr' id='par_1_13' title="bbox 353 1181 2300 2138">
     <span class='ocr_line' id='line_1_27' title="bbox 447 1181 2210 1226; baseline -0.002 -9"><span class='ocrx_word' id='word_1_197' title='bbox 447 1185 507 1217; x_wconf 91' lang='lat' dir='ltr'><strong>IX.</strong></span> <span class='ocrx_word' id='word_1_198' title='bbox 536 1204 569 1208; x_wconf 82' lang='lat'><strong>——</strong></span> <span class='ocrx_word' id='word_1_199' title='bbox 597 1184 668 1217; x_wconf 87' lang='lat' dir='ltr'><strong>Sed</strong></span> <span class='ocrx_word' id='word_1_200' title='bbox 692 1194 769 1216; x_wconf 89' lang='lat' dir='ltr'><strong>cum</strong></span> <span class='ocrx_word' id='word_1_201' title='bbox 793 1184 866 1216; x_wconf 91' lang='lat' dir='ltr'><strong>sine</strong></span> <span class='ocrx_word' id='word_1_202' title='bbox 889 1189 1015 1221; x_wconf 88' lang='lat' dir='ltr'><strong>castro,</strong></span> <span class='ocrx_word' id='word_1_203' title='bbox 1040 1193 1107 1225; x_wconf 91' lang='lat' dir='ltr'><strong>quo</strong></span> <span class='ocrx_word' id='word_1_204' title='bbox 1130 1193 1166 1215; x_wconf 90' lang='lat' dir='ltr'><strong>se</strong></span> <span class='ocrx_word' id='word_1_205' title='bbox 1191 1189 1368 1215; x_wconf 84' lang='lat' dir='ltr'><strong>tuerentur</strong></span> <span class='ocrx_word' id='word_1_206' title='bbox 1392 1193 1412 1215; x_wconf 87' lang='lat' dir='ltr'><strong>a</strong></span> <span class='ocrx_word' id='word_1_207' title='bbox 1427 1189 1526 1225; x_wconf 88' lang='lat' dir='ltr'><strong>parte</strong></span> <span class='ocrx_word' id='word_1_208' title='bbox 1543 1182 1644 1220; x_wconf 85' lang='lat' dir='ltr'><strong>illius,</strong></span> <span class='ocrx_word' id='word_1_209' title='bbox 1661 1182 1789 1215; x_wconf 89' lang='lat' dir='ltr'><strong>incolis</strong></span> <span class='ocrx_word' id='word_1_210' title='bbox 1804 1188 1930 1221; x_wconf 86' lang='lat' dir='ltr'><strong>essent,</strong></span> <span class='ocrx_word' id='word_1_211' title='bbox 1947 1187 2098 1214; x_wconf 87' lang='lat' dir='ltr'><strong>castrum</strong></span> <span class='ocrx_word' id='word_1_212' title='bbox 2113 1181 2210 1226; x_wconf 88' lang='lat' dir='ltr'><strong>quod</strong></span> 
     </span>
     <span class='ocr_line' id='line_1_28' title="bbox 358 1235 2208 1280; baseline -0.002 -9"><span class='ocrx_word' id='word_1_213' title='bbox 358 1239 467 1271; x_wconf 74' lang='lat' dir='ltr'><strong>Melta</strong></span> <span class='ocrx_word' id='word_1_214' title='bbox 490 1239 626 1277; x_wconf 90' lang='lat' dir='ltr'><strong>dicitur,</strong></span> <span class='ocrx_word' id='word_1_215' title='bbox 640 1243 915 1276; x_wconf 83' lang='lat' dir='ltr'><strong>construxerunt,</strong></span> <span class='ocrx_word' id='word_1_216' title='bbox 931 1237 1002 1275; x_wconf 91' lang='lat' dir='ltr'><strong>ubi,</strong></span> <span class='ocrx_word' id='word_1_217' title='bbox 1019 1236 1113 1269; x_wconf 90' lang='lat' dir='ltr'><strong>cum&#39;</strong></span> <span class='ocrx_word' id='word_1_218' title='bbox 1130 1236 1310 1280; x_wconf 88' lang='lat' dir='ltr'><strong>quingenti</strong></span> <span class='ocrx_word' id='word_1_219' title='bbox 1326 1237 1563 1269; x_wconf 86' lang='lat' dir='ltr'><strong>tantummodo</strong></span> <span class='ocrx_word' id='word_1_220' title='bbox 1580 1237 1706 1269; x_wconf 86' lang='lat' dir='ltr'><strong>milites</strong></span> <span class='ocrx_word' id='word_1_221' title='bbox 1722 1242 1846 1274; x_wconf 89' lang='lat' dir='ltr'><strong>essent,</strong></span> <span class='ocrx_word' id='word_1_222' title='bbox 1863 1235 2002 1274; x_wconf 87' lang='lat' dir='ltr'><strong>Graeci,</strong></span> <span class='ocrx_word' id='word_1_223' title='bbox 2019 1235 2078 1279; x_wconf 87' lang='lat' dir='ltr'><strong>qui</strong></span> <span class='ocrx_word' id='word_1_224' title='bbox 2094 1241 2208 1269; x_wconf 84' lang='lat' dir='ltr'><strong>terrae</strong></span> 
     </span>
     <span class='ocr_line' id='line_1_29' title="bbox 355 1289 2210 1334; baseline -0.001 -10"><span class='ocrx_word' id='word_1_225' title='bbox 355 1292 406 1324; x_wconf 90' lang='lat' dir='ltr'><strong>illi</strong></span> <span class='ocrx_word' id='word_1_226' title='bbox 429 1292 722 1334; x_wconf 85' lang='lat' dir='ltr'><strong>principabantur,</strong></span> <span class='ocrx_word' id='word_1_227' title='bbox 745 1291 896 1323; x_wconf 88' lang='lat' dir='ltr'><strong>maxima</strong></span> <span class='ocrx_word' id='word_1_228' title='bbox 920 1290 1141 1323; x_wconf 87' lang='lat' dir='ltr'><strong>multitudine</strong></span> <span class='ocrx_word' id='word_1_229' title='bbox 1165 1301 1208 1322; x_wconf 86' lang='lat' dir='ltr'><strong>ex</strong></span> <span class='ocrx_word' id='word_1_230' title='bbox 1232 1290 1394 1323; x_wconf 88' lang='lat' dir='ltr'><strong>Calabria</strong></span> <span class='ocrx_word' id='word_1_231' title='bbox 1418 1297 1452 1322; x_wconf 90' lang='lat' dir='ltr'><strong>et</strong></span> <span class='ocrx_word' id='word_1_232' title='bbox 1476 1289 1604 1332; x_wconf 90' lang='lat' dir='ltr'><strong>Apulia</strong></span> <span class='ocrx_word' id='word_1_233' title='bbox 1619 1290 1684 1323; x_wconf 88' lang='lat' dir='ltr'><strong>sibi</strong></span> <span class='ocrx_word' id='word_1_234' title='bbox 1700 1290 1906 1328; x_wconf 85' lang='lat' dir='ltr'><strong>coadunata,</strong></span> <span class='ocrx_word' id='word_1_235' title='bbox 1922 1299 2032 1332; x_wconf 92' lang='lat' dir='ltr'><strong>usque</strong></span> <span class='ocrx_word' id='word_1_236' title='bbox 2048 1289 2096 1322; x_wconf 77' lang='lat' dir='ltr'><strong>ad</strong></span> <span class='ocrx_word' id='word_1_237' title='bbox 2110 1299 2210 1322; x_wconf 81' lang='lat' dir='ltr'><strong>sexa-</strong></span> 
     </span>
     <span class='ocr_line' id='line_1_30' title="bbox 355 1342 2208 1389; baseline -0.002 -11"><span class='ocrx_word' id='word_1_238' title='bbox 355 1346 453 1389; x_wconf 78' lang='lat' dir='ltr'><strong>ginta</strong></span> <span class='ocrx_word' id='word_1_239' title='bbox 476 1345 581 1378; x_wconf 85' lang='lat' dir='ltr'><strong>millia</strong></span> <span class='ocrx_word' id='word_1_240' title='bbox 606 1350 824 1383; x_wconf 88' lang='lat' dir='ltr'><strong>armatorum,</strong></span> <span class='ocrx_word' id='word_1_241' title='bbox 847 1351 885 1377; x_wconf 93' lang='lat' dir='ltr'><strong>ut</strong></span> <span class='ocrx_word' id='word_1_242' title='bbox 909 1355 967 1376; x_wconf 89' lang='lat' dir='ltr'><strong>eos</strong></span> <span class='ocrx_word' id='word_1_243' title='bbox 991 1355 1012 1375; x_wconf 92' lang='lat' dir='ltr'><strong>a</strong></span> <span class='ocrx_word' id='word_1_244' title='bbox 1035 1343 1159 1376; x_wconf 90' lang='lat' dir='ltr'><strong>finibus</strong></span> <span class='ocrx_word' id='word_1_245' title='bbox 1183 1344 1252 1375; x_wconf 87' lang='lat' dir='ltr'><strong>suis</strong></span> <span class='ocrx_word' id='word_1_246' title='bbox 1275 1343 1522 1386; x_wconf 89' lang='lat' dir='ltr'><strong>propellerent,</strong></span> <span class='ocrx_word' id='word_1_247' title='bbox 1545 1354 1664 1375; x_wconf 89' lang='lat' dir='ltr'><strong>versus</strong></span> <span class='ocrx_word' id='word_1_248' title='bbox 1688 1343 1766 1376; x_wconf 90' lang='lat' dir='ltr'><strong>illos</strong></span> <span class='ocrx_word' id='word_1_249' title='bbox 1788 1344 1841 1376; x_wconf 87' lang='lat' dir='ltr'><strong>ire</strong></span> <span class='ocrx_word' id='word_1_250' title='bbox 1873 1348 2084 1386; x_wconf 86' lang='lat' dir='ltr'><strong>coeperunt;</strong></span> <span class='ocrx_word' id='word_1_251' title='bbox 2110 1342 2208 1386; x_wconf 86' lang='lat' dir='ltr'><strong>lega-</strong></span> 
     </span>
     <span class='ocr_line' id='line_1_31' title="bbox 356 1396 2209 1442; baseline -0.002 -11"><span class='ocrx_word' id='word_1_252' title='bbox 356 1405 462 1442; x_wconf 88' lang='lat' dir='ltr'><strong>toque</strong></span> <span class='ocrx_word' id='word_1_253' title='bbox 485 1398 683 1441; x_wconf 84' lang='lat' dir='ltr'><strong>praemisso,</strong></span> <span class='ocrx_word' id='word_1_254' title='bbox 707 1399 881 1435; x_wconf 84' lang='lat' dir='ltr'><strong>mandant,</strong></span> <span class='ocrx_word' id='word_1_255' title='bbox 905 1405 941 1429; x_wconf 91' lang='lat' dir='ltr'><strong>ut</strong></span> <span class='ocrx_word' id='word_1_256' title='bbox 965 1398 1057 1440; x_wconf 92' lang='lat' dir='ltr'><strong>quod</strong></span> <span class='ocrx_word' id='word_1_257' title='bbox 1081 1397 1223 1429; x_wconf 88' lang='lat' dir='ltr'><strong>mallent</strong></span> <span class='ocrx_word' id='word_1_258' title='bbox 1246 1397 1392 1440; x_wconf 86' lang='lat' dir='ltr'><strong>eligant:</strong></span> <span class='ocrx_word' id='word_1_259' title='bbox 1418 1403 1476 1429; x_wconf 86' lang='lat' dir='ltr'><strong>aut</strong></span> <span class='ocrx_word' id='word_1_260' title='bbox 1499 1403 1675 1429; x_wconf 89' lang='lat' dir='ltr'><strong>certamen</strong></span> <span class='ocrx_word' id='word_1_261' title='bbox 1698 1397 1735 1429; x_wconf 92' lang='lat' dir='ltr'><strong>in</strong></span> <span class='ocrx_word' id='word_1_262' title='bbox 1759 1397 1911 1429; x_wconf 87' lang='lat' dir='ltr'><strong>crastino</strong></span> <span class='ocrx_word' id='word_1_263' title='bbox 1934 1406 2052 1429; x_wconf 86' lang='lat' dir='ltr'><strong>secum</strong></span> <span class='ocrx_word' id='word_1_264' title='bbox 2069 1396 2209 1434; x_wconf 82' lang='lat' dir='ltr'><strong>habere,</strong></span> 
     </span>
     <span class='ocr_line' id='line_1_32' title="bbox 356 1449 2208 1495; baseline -0.001 -10"><span class='ocrx_word' id='word_1_265' title='bbox 356 1459 425 1492; x_wconf 85' lang='lat' dir='ltr'><strong>aut,</strong></span> <span class='ocrx_word' id='word_1_266' title='bbox 448 1463 536 1495; x_wconf 90' lang='lat' dir='ltr'><strong>pace</strong></span> <span class='ocrx_word' id='word_1_267' title='bbox 559 1452 623 1484; x_wconf 89' lang='lat' dir='ltr'><strong>sibi</strong></span> <span class='ocrx_word' id='word_1_268' title='bbox 647 1452 792 1490; x_wconf 87' lang='lat' dir='ltr'><strong>indulta,</strong></span> <span class='ocrx_word' id='word_1_269' title='bbox 817 1452 1005 1484; x_wconf 87' lang='lat' dir='ltr'><strong>incolumes</strong></span> <span class='ocrx_word' id='word_1_270' title='bbox 1028 1462 1048 1482; x_wconf 93' lang='lat' dir='ltr'><strong>a</strong></span> <span class='ocrx_word' id='word_1_271' title='bbox 1071 1451 1261 1493; x_wconf 86' lang='lat' dir='ltr'><strong>praedictis</strong></span> <span class='ocrx_word' id='word_1_272' title='bbox 1293 1451 1420 1483; x_wconf 87' lang='lat' dir='ltr'><strong>finibus</strong></span> <span class='ocrx_word' id='word_1_273' title='bbox 1450 1451 1629 1483; x_wconf 89' lang='lat' dir='ltr'><strong>recedere.</strong></span> <span class='ocrx_word' id='word_1_274' title='bbox 1676 1451 1829 1493; x_wconf 88' lang='lat' dir='ltr'><strong>Legatus</strong></span> <span class='ocrx_word' id='word_1_275' title='bbox 1859 1460 1941 1482; x_wconf 90' lang='lat' dir='ltr'><strong>vero</strong></span> <span class='ocrx_word' id='word_1_276' title='bbox 1973 1450 2031 1493; x_wconf 91' lang='lat' dir='ltr'><strong>qui</strong></span> <span class='ocrx_word' id='word_1_277' title='bbox 2064 1450 2110 1482; x_wconf 91' lang='lat' dir='ltr'><strong>ad</strong></span> <span class='ocrx_word' id='word_1_278' title='bbox 2139 1449 2208 1483; x_wconf 87' lang='lat' dir='ltr'><strong>hoc</strong></span> 
     </span>
     <span class='ocr_line' id='line_1_33' title="bbox 356 1503 2208 1548; baseline -0.002 -10"><span class='ocrx_word' id='word_1_279' title='bbox 356 1507 476 1538; x_wconf 86' lang='lat' dir='ltr'><strong>missus</strong></span> <span class='ocrx_word' id='word_1_280' title='bbox 499 1506 623 1545; x_wconf 72' lang='lat' dir='ltr'><strong>fuerat,</strong></span> <span class='ocrx_word' id='word_1_281' title='bbox 648 1516 726 1538; x_wconf 92' lang='lat' dir='ltr'><strong>cum</strong></span> <span class='ocrx_word' id='word_1_282' title='bbox 749 1505 982 1547; x_wconf 91' lang='lat' dir='ltr'><strong>pulcherrimo</strong></span> <span class='ocrx_word' id='word_1_283' title='bbox 1006 1515 1096 1546; x_wconf 90' lang='lat' dir='ltr'><strong>equo</strong></span> <span class='ocrx_word' id='word_1_284' title='bbox 1120 1504 1297 1542; x_wconf 82' lang='lat' dir='ltr'><strong>insideret,</strong></span> <span class='ocrx_word' id='word_1_285' title='bbox 1321 1504 1464 1547; x_wconf 90' lang='lat' dir='ltr'><strong>quidam</strong></span> <span class='ocrx_word' id='word_1_286' title='bbox 1489 1514 1708 1542; x_wconf 86' lang='lat' dir='ltr'><strong>normannus,</strong></span> <span class='ocrx_word' id='word_1_287' title='bbox 1732 1504 1823 1548; x_wconf 89' lang='lat' dir='ltr'><strong>Ugo,</strong></span> <span class='ocrx_word' id='word_1_288' title='bbox 1842 1509 2072 1546; x_wconf 87' lang='lat' dir='ltr'><strong>cognomento</strong></span> <span class='ocrx_word' id='word_1_289' title='bbox 2088 1503 2208 1536; x_wconf 92' lang='lat' dir='ltr'><strong>Tude—</strong></span> 
     </span>
     <span class='ocr_line' id='line_1_34' title="bbox 356 1556 2207 1602; baseline -0.002 -10"><span class='ocrx_word' id='word_1_290' title='bbox 356 1559 510 1597; x_wconf 81' lang='lat' dir='ltr'><strong>busem⁸‚</strong></span> <span class='ocrx_word' id='word_1_291' title='bbox 535 1569 660 1602; x_wconf 89' lang='lat' dir='ltr'><strong>equum</strong></span> <span class='ocrx_word' id='word_1_292' title='bbox 685 1570 787 1591; x_wconf 86' lang='lat' dir='ltr'><strong>manu</strong></span> <span class='ocrx_word' id='word_1_293' title='bbox 810 1565 996 1591; x_wconf 84' lang='lat' dir='ltr'><strong>attrectare</strong></span> <span class='ocrx_word' id='word_1_294' title='bbox 1021 1558 1153 1600; x_wconf 90' lang='lat' dir='ltr'><strong>coepit:</strong></span> <span class='ocrx_word' id='word_1_295' title='bbox 1178 1564 1222 1595; x_wconf 86' lang='lat' dir='ltr'><strong>et,</strong></span> <span class='ocrx_word' id='word_1_296' title='bbox 1246 1564 1282 1590; x_wconf 91' lang='lat' dir='ltr'><strong>ut</strong></span> <span class='ocrx_word' id='word_1_297' title='bbox 1306 1558 1465 1590; x_wconf 89' lang='lat' dir='ltr'><strong>mirabile</strong></span> <span class='ocrx_word' id='word_1_298' title='bbox 1493 1558 1625 1601; x_wconf 90' lang='lat' dir='ltr'><strong>aliquid</strong></span> <span class='ocrx_word' id='word_1_299' title='bbox 1656 1558 1700 1590; x_wconf 91' lang='lat' dir='ltr'><strong>de</strong></span> <span class='ocrx_word' id='word_1_300' title='bbox 1732 1569 1768 1590; x_wconf 89' lang='lat' dir='ltr'><strong>se</strong></span> <span class='ocrx_word' id='word_1_301' title='bbox 1799 1557 1971 1600; x_wconf 82' lang='lat' dir='ltr'><strong>sociisque</strong></span> <span class='ocrx_word' id='word_1_302' title='bbox 2003 1557 2084 1594; x_wconf 89' lang='lat' dir='ltr'><strong>suis,</strong></span> <span class='ocrx_word' id='word_1_303' title='bbox 2113 1556 2207 1589; x_wconf 89' lang='lat' dir='ltr'><strong>unde</strong></span> 
     </span>
     <span class='ocr_line' id='line_1_35' title="bbox 356 1610 2208 1654; baseline -0.001 -9"><span class='ocrx_word' id='word_1_304' title='bbox 356 1619 576 1650; x_wconf 81' lang='lat' dir='ltr'><strong>terrerentur,</strong></span> <span class='ocrx_word' id='word_1_305' title='bbox 601 1612 746 1645; x_wconf 86' lang='lat' dir='ltr'><strong>Graecis</strong></span> <span class='ocrx_word' id='word_1_306' title='bbox 768 1613 1002 1650; x_wconf 86' lang='lat' dir='ltr'><strong>nunciaretur,</strong></span> <span class='ocrx_word' id='word_1_307' title='bbox 1026 1612 1119 1644; x_wconf 94' lang='lat' dir='ltr'><strong>nudo</strong></span> <span class='ocrx_word' id='word_1_308' title='bbox 1143 1622 1262 1654; x_wconf 87' lang='lat' dir='ltr'><strong>pugno</strong></span> <span class='ocrx_word' id='word_1_309' title='bbox 1287 1621 1412 1654; x_wconf 90' lang='lat' dir='ltr'><strong>equum</strong></span> <span class='ocrx_word' id='word_1_310' title='bbox 1435 1612 1470 1643; x_wconf 92' lang='lat' dir='ltr'><strong>in</strong></span> <span class='ocrx_word' id='word_1_311' title='bbox 1495 1611 1634 1644; x_wconf 91' lang='lat' dir='ltr'><strong>cervice</strong></span> <span class='ocrx_word' id='word_1_312' title='bbox 1665 1611 1873 1654; x_wconf 88' lang='lat' dir='ltr'><strong>percutiens,</strong></span> <span class='ocrx_word' id='word_1_313' title='bbox 1905 1621 1974 1643; x_wconf 92' lang='lat' dir='ltr'><strong>uno</strong></span> <span class='ocrx_word' id='word_1_314' title='bbox 2005 1610 2078 1643; x_wconf 88' lang='lat' dir='ltr'><strong>ictu</strong></span> <span class='ocrx_word' id='word_1_315' title='bbox 2108 1610 2208 1652; x_wconf 80' lang='lat' dir='ltr'><strong>quasi</strong></span> 
     </span>
     <span class='ocr_line' id='line_1_36' title="bbox 355 1663 2296 1710; baseline -0.001 -11"><span class='ocrx_word' id='word_1_316' title='bbox 355 1673 523 1700; x_wconf 90' lang='lat' dir='ltr'><strong>mortuum</strong></span> <span class='ocrx_word' id='word_1_317' title='bbox 548 1667 686 1710; x_wconf 85' lang='lat' dir='ltr'><strong>dejecit.</strong></span> <span class='ocrx_word' id='word_1_318' title='bbox 732 1665 873 1708; x_wconf 90' lang='lat' dir='ltr'><strong>Reliqui</strong></span> <span class='ocrx_word' id='word_1_319' title='bbox 897 1676 980 1698; x_wconf 89' lang='lat' dir='ltr'><strong>vero</strong></span> <span class='ocrx_word' id='word_1_320' title='bbox 1006 1666 1197 1698; x_wconf 87' lang='lat' dir='ltr'><strong>Normanni</strong></span> <span class='ocrx_word' id='word_1_321' title='bbox 1213 1665 1434 1708; x_wconf 86' lang='lat' dir='ltr'><strong>prosilientes</strong></span> <span class='ocrx_word' id='word_1_322' title='bbox 1449 1675 1626 1708; x_wconf 85' lang='lat' dir='ltr'><strong>graecum,</strong></span> <span class='ocrx_word' id='word_1_323' title='bbox 1640 1666 1699 1708; x_wconf 91' lang='lat' dir='ltr'><strong>qui</strong></span> <span class='ocrx_word' id='word_1_324' title='bbox 1715 1676 1794 1697; x_wconf 88' lang='lat' dir='ltr'><strong>cum</strong></span> <span class='ocrx_word' id='word_1_325' title='bbox 1811 1675 1901 1707; x_wconf 91' lang='lat' dir='ltr'><strong>equo</strong></span> <span class='ocrx_word' id='word_1_326' title='bbox 1918 1665 2076 1709; x_wconf 84' lang='lat' dir='ltr'><strong>dejectus</strong></span> <span class='ocrx_word' id='word_1_327' title='bbox 2091 1663 2208 1696; x_wconf 73' lang='lat' dir='ltr'><strong>fuerat</strong></span> <span class='ocrx_word' id='word_1_328' title='bbox 2230 1663 2272 1697; x_wconf 87' lang='lat'><strong>25</strong></span> <span class='ocrx_word' id='word_1_329' title='bbox 2290 1666 2296 1670; x_wconf 58' lang='grc'><em>”</em></span> 
     </span>
     <span class='ocr_line' id='line_1_37' title="bbox 355 1716 2295 1762; baseline -0.001 -10"><span class='ocrx_word' id='word_1_330' title='bbox 355 1727 400 1760; x_wconf 85' lang='lat' dir='ltr'><strong>et,</strong></span> <span class='ocrx_word' id='word_1_331' title='bbox 423 1720 497 1752; x_wconf 89' lang='lat' dir='ltr'><strong>solo</strong></span> <span class='ocrx_word' id='word_1_332' title='bbox 519 1720 641 1752; x_wconf 91' lang='lat' dir='ltr'><strong>timore</strong></span> <span class='ocrx_word' id='word_1_333' title='bbox 667 1720 787 1760; x_wconf 89' lang='lat' dir='ltr'><strong>laesus,</strong></span> <span class='ocrx_word' id='word_1_334' title='bbox 810 1719 907 1762; x_wconf 86' lang='lat' dir='ltr'><strong>quasi</strong></span> <span class='ocrx_word' id='word_1_335' title='bbox 932 1719 1101 1751; x_wconf 86' lang='lat' dir='ltr'><strong>exanimis</strong></span> <span class='ocrx_word' id='word_1_336' title='bbox 1116 1719 1208 1750; x_wconf 92' lang='lat' dir='ltr'><strong>humi</strong></span> <span class='ocrx_word' id='word_1_337' title='bbox 1223 1719 1376 1762; x_wconf 87' lang='lat' dir='ltr'><strong>jacebat,</strong></span> <span class='ocrx_word' id='word_1_338' title='bbox 1392 1719 1543 1762; x_wconf 84' lang='lat' dir='ltr'><strong>erigunt;</strong></span> <span class='ocrx_word' id='word_1_339' title='bbox 1561 1729 1687 1762; x_wconf 88' lang='lat' dir='ltr'><strong>equum</strong></span> <span class='ocrx_word' id='word_1_340' title='bbox 1703 1724 1829 1757; x_wconf 88' lang='lat' dir='ltr'><strong>autem,</strong></span> <span class='ocrx_word' id='word_1_341' title='bbox 1844 1727 1954 1760; x_wconf 90' lang='lat' dir='ltr'><strong>usque</strong></span> <span class='ocrx_word' id='word_1_342' title='bbox 1969 1718 2016 1750; x_wconf 89' lang='lat' dir='ltr'><strong>ad</strong></span> <span class='ocrx_word' id='word_1_343' title='bbox 2031 1716 2208 1760; x_wconf 84' lang='lat' dir='ltr'><strong>quoddam</strong></span> <span class='ocrx_word' id='word_1_344' title='bbox 2293 1720 2295 1722; x_wconf 82' lang='grc'><strong>’</strong></span> 
     </span>
     <span class='ocr_line' id='line_1_38' title="bbox 353 1771 2208 1816; baseline -0.001 -10"><span class='ocrx_word' id='word_1_345' title='bbox 353 1774 594 1816; x_wconf 87' lang='lat' dir='ltr'><strong>praecipitium</strong></span> <span class='ocrx_word' id='word_1_346' title='bbox 619 1773 869 1815; x_wconf 87' lang='lat' dir='ltr'><strong>pertrahentes,</strong></span> <span class='ocrx_word' id='word_1_347' title='bbox 893 1772 1057 1816; x_wconf 85' lang='lat' dir='ltr'><strong>dejciunt.</strong></span> <span class='ocrx_word' id='word_1_348' title='bbox 1104 1772 1221 1805; x_wconf 90' lang='lat' dir='ltr'><strong>Por&#39;ro</strong></span> <span class='ocrx_word' id='word_1_349' title='bbox 1244 1782 1402 1815; x_wconf 84' lang='lat' dir='ltr'><strong>graecus,</strong></span> <span class='ocrx_word' id='word_1_350' title='bbox 1426 1782 1504 1804; x_wconf 89' lang='lat' dir='ltr'><strong>cum</strong></span> <span class='ocrx_word' id='word_1_351' title='bbox 1528 1773 1586 1805; x_wconf 85' lang='lat' dir='ltr'><strong>vix</strong></span> <span class='ocrx_word' id='word_1_352' title='bbox 1609 1772 1844 1805; x_wconf 87' lang='lat' dir='ltr'><strong>consolatione</strong></span> <span class='ocrx_word' id='word_1_353' title='bbox 1869 1772 2147 1804; x_wconf 77' lang='lat' dir='ltr'><strong>Norinannorum</strong></span> <span class='ocrx_word' id='word_1_354' title='bbox 2161 1771 2208 1804; x_wconf 85' lang='lat' dir='ltr'><strong>ad</strong></span> 
     </span>
     <span class='ocr_line' id='line_1_39' title="bbox 355 1824 2209 1869; baseline -0.001 -10"><span class='ocrx_word' id='word_1_355' title='bbox 355 1833 503 1860; x_wconf 89' lang='lat' dir='ltr'><strong>mentem</strong></span> <span class='ocrx_word' id='word_1_356' title='bbox 526 1827 696 1867; x_wconf 90' lang='lat' dir='ltr'><strong>rediisset,</strong></span> <span class='ocrx_word' id='word_1_357' title='bbox 719 1827 852 1859; x_wconf 90' lang='lat' dir='ltr'><strong>meliori</strong></span> <span class='ocrx_word' id='word_1_358' title='bbox 868 1837 959 1869; x_wconf 91' lang='lat' dir='ltr'><strong>equo</strong></span> <span class='ocrx_word' id='word_1_359' title='bbox 975 1826 1019 1858; x_wconf 94' lang='lat' dir='ltr'><strong>ab</strong></span> <span class='ocrx_word' id='word_1_360' title='bbox 1036 1827 1085 1859; x_wconf 92' lang='lat' dir='ltr'><strong>eis</strong></span> <span class='ocrx_word' id='word_1_361' title='bbox 1101 1831 1260 1868; x_wconf 87' lang='lat' dir='ltr'><strong>accepto,</strong></span> <span class='ocrx_word' id='word_1_362' title='bbox 1277 1832 1454 1858; x_wconf 90' lang='lat' dir='ltr'><strong>certamen</strong></span> <span class='ocrx_word' id='word_1_363' title='bbox 1469 1832 1625 1868; x_wconf 86' lang='lat' dir='ltr'><strong>paratum</strong></span> <span class='ocrx_word' id='word_1_364' title='bbox 1643 1826 1748 1858; x_wconf 90' lang='lat' dir='ltr'><strong>sociis</strong></span> <span class='ocrx_word' id='word_1_365' title='bbox 1764 1826 1885 1858; x_wconf 82' lang='lat' dir='ltr'><strong>refert.</strong></span> <span class='ocrx_word' id='word_1_366' title='bbox 1930 1824 2003 1858; x_wconf 89' lang='lat' dir='ltr'><strong>Sed</strong></span> <span class='ocrx_word' id='word_1_367' title='bbox 2019 1835 2097 1858; x_wconf 90' lang='lat' dir='ltr'><strong>cum</strong></span> <span class='ocrx_word' id='word_1_368' title='bbox 2113 1824 2209 1867; x_wconf 89' lang='lat' dir='ltr'><strong>quod</strong></span> 
     </span>
     <span class='ocr_line' id='line_1_40' title="bbox 355 1877 2297 1923; baseline -0.002 -10"><span class='ocrx_word' id='word_1_369' title='bbox 355 1881 529 1914; x_wconf 89' lang='lat' dir='ltr'><strong>acciderat</strong></span> <span class='ocrx_word' id='word_1_370' title='bbox 551 1880 766 1923; x_wconf 90' lang='lat' dir='ltr'><strong>principibus</strong></span> <span class='ocrx_word' id='word_1_371' title='bbox 788 1880 909 1922; x_wconf 91' lang='lat' dir='ltr'><strong>populi</strong></span> <span class='ocrx_word' id='word_1_372' title='bbox 934 1880 984 1912; x_wconf 89' lang='lat' dir='ltr'><strong>sui</strong></span> <span class='ocrx_word' id='word_1_373' title='bbox 1008 1886 1138 1912; x_wconf 89' lang='lat' dir='ltr'><strong>tantum</strong></span> <span class='ocrx_word' id='word_1_374' title='bbox 1162 1879 1346 1919; x_wconf 89' lang='lat' dir='ltr'><strong>retulisset,</strong></span> <span class='ocrx_word' id='word_1_375' title='bbox 1370 1880 1420 1911; x_wconf 88' lang='lat' dir='ltr'><strong>illi</strong></span> <span class='ocrx_word' id='word_1_376' title='bbox 1444 1879 1673 1912; x_wconf 89' lang='lat' dir='ltr'><strong>admiratione</strong></span> <span class='ocrx_word' id='word_1_377' title='bbox 1697 1885 1732 1912; x_wconf 88' lang='lat' dir='ltr'><strong>et</strong></span> <span class='ocrx_word' id='word_1_378' title='bbox 1755 1885 1850 1912; x_wconf 89' lang='lat' dir='ltr'><strong>metu</strong></span> <span class='ocrx_word' id='word_1_379' title='bbox 1871 1879 2037 1921; x_wconf 82' lang='lat' dir='ltr'><strong>percussi,</strong></span> <span class='ocrx_word' id='word_1_380' title='bbox 2064 1877 2207 1911; x_wconf 87' lang='lat' dir='ltr'><strong>verbum</strong></span> <span class='ocrx_word' id='word_1_381' title='bbox 2296 1915 2297 1918; x_wconf 13' lang='grc' dir='ltr'><strong>Ἰ</strong></span> 
     </span>
     <span class='ocr_line' id='line_1_41' title="bbox 355 1931 2297 1976; baseline -0.001 -10"><span class='ocrx_word' id='word_1_382' title='bbox 355 1935 444 1966; x_wconf 87' lang='lat' dir='ltr'><strong>inter</strong></span> <span class='ocrx_word' id='word_1_383' title='bbox 468 1944 504 1966; x_wconf 92' lang='lat' dir='ltr'><strong>se</strong></span> <span class='ocrx_word' id='word_1_384' title='bbox 535 1933 820 1976; x_wconf 88' lang='lat' dir='ltr'><strong>comprimebant,</strong></span> <span class='ocrx_word' id='word_1_385' title='bbox 852 1944 895 1966; x_wconf 91' lang='lat' dir='ltr'><strong>ne</strong></span> <span class='ocrx_word' id='word_1_386' title='bbox 927 1934 1029 1972; x_wconf 80' lang='lat' dir='ltr'><strong>forte,</strong></span> <span class='ocrx_word' id='word_1_387' title='bbox 1061 1934 1088 1965; x_wconf 88' lang='lat' dir='ltr'><strong>si</strong></span> <span class='ocrx_word' id='word_1_388' title='bbox 1119 1933 1154 1965; x_wconf 93' lang='lat' dir='ltr'><strong>in</strong></span> <span class='ocrx_word' id='word_1_389' title='bbox 1185 1934 1367 1976; x_wconf 70' lang='lat' dir='ltr'><strong>prdpatulo</strong></span> <span class='ocrx_word' id='word_1_390' title='bbox 1399 1933 1585 1971; x_wconf 89' lang='lat' dir='ltr'><strong>diceretur,</strong></span> <span class='ocrx_word' id='word_1_391' title='bbox 1617 1933 1792 1966; x_wconf 88' lang='lat' dir='ltr'><strong>exercitus</strong></span> <span class='ocrx_word' id='word_1_392' title='bbox 1823 1932 1962 1965; x_wconf 82' lang='lat' dir='ltr'><strong>territus</strong></span> <span class='ocrx_word' id='word_1_393' title='bbox 1991 1932 2170 1975; x_wconf 74' lang='lat' dir='ltr'><strong>resugeret</strong></span> <span class='ocrx_word' id='word_1_394' title='bbox 2182 1931 2206 1965; x_wconf 85' lang='lat'><strong>⁴.</strong></span> <span class='ocrx_word' id='word_1_395' title='bbox 2231 1933 2273 1964; x_wconf 79' lang='lat'><strong>30</strong></span> <span class='ocrx_word' id='word_1_396' title='bbox 2296 1943 2297 1946; x_wconf 71' lang='grc'>’</span> 
     </span>
     <span class='ocr_line' id='line_1_42' title="bbox 358 1986 2210 2030; baseline -0.002 -10"><span class='ocrx_word' id='word_1_397' title='bbox 358 1987 463 2020; x_wconf 86' lang='lat' dir='ltr'><strong>Mane</strong></span> <span class='ocrx_word' id='word_1_398' title='bbox 486 1988 601 2030; x_wconf 87' lang='lat' dir='ltr'><strong>itaque</strong></span> <span class='ocrx_word' id='word_1_399' title='bbox 624 1989 729 2026; x_wconf 76' lang='lat' dir='ltr'><strong>facto,</strong></span> <span class='ocrx_word' id='word_1_400' title='bbox 753 1998 884 2020; x_wconf 89' lang='lat' dir='ltr'><strong>summo</strong></span> <span class='ocrx_word' id='word_1_401' title='bbox 908 1987 1061 2020; x_wconf 90' lang='lat' dir='ltr'><strong>diluculo</strong></span> <span class='ocrx_word' id='word_1_402' title='bbox 1085 1998 1106 2019; x_wconf 90' lang='lat' dir='ltr'><strong>a</strong></span> <span class='ocrx_word' id='word_1_403' title='bbox 1130 1988 1338 2019; x_wconf 89' lang='lat' dir='ltr'><strong>Normannis</strong></span> <span class='ocrx_word' id='word_1_404' title='bbox 1361 1986 1570 2020; x_wconf 88' lang='lat' dir='ltr'><strong>occurritur&#39;</strong></span> <span class='ocrx_word' id='word_1_405' title='bbox 1598 1987 1804 2030; x_wconf 79' lang='lat' dir='ltr'><strong>fortiterque</strong></span> <span class='ocrx_word' id='word_1_406' title='bbox 1820 1986 2098 2030; x_wconf 87' lang='lat' dir='ltr'><strong>congredientes,</strong></span> <span class='ocrx_word' id='word_1_407' title='bbox 2112 1995 2210 2018; x_wconf 89' lang='lat' dir='ltr'><strong>acer-</strong></span> 
     </span>
     <span class='ocr_line' id='line_1_43' title="bbox 353 2039 2207 2084; baseline -0.001 -11"><span class='ocrx_word' id='word_1_408' title='bbox 353 2043 436 2074; x_wconf 92' lang='lat' dir='ltr'><strong>rime</strong></span> <span class='ocrx_word' id='word_1_409' title='bbox 460 2042 621 2084; x_wconf 84' lang='lat' dir='ltr'><strong>utrinque</strong></span> <span class='ocrx_word' id='word_1_410' title='bbox 647 2047 829 2084; x_wconf 87' lang='lat' dir='ltr'><strong>pugnatur.</strong></span> <span class='ocrx_word' id='word_1_411' title='bbox 877 2042 1072 2073; x_wconf 83' lang='lat' dir='ltr'><strong>Intererant</strong></span> <span class='ocrx_word' id='word_1_412' title='bbox 1102 2041 1184 2073; x_wconf 89' lang='lat' dir='ltr'><strong>huic</strong></span> <span class='ocrx_word' id='word_1_413' title='bbox 1214 2041 1394 2073; x_wconf 87' lang='lat' dir='ltr'><strong>certamini</strong></span> <span class='ocrx_word' id='word_1_414' title='bbox 1426 2041 1470 2073; x_wconf 90' lang='lat' dir='ltr'><strong>de</strong></span> <span class='ocrx_word' id='word_1_415' title='bbox 1502 2040 1582 2072; x_wconf 88' lang='lat' dir='ltr'><strong>filiis</strong></span> <span class='ocrx_word' id='word_1_416' title='bbox 1612 2040 1804 2079; x_wconf 87' lang='lat' dir='ltr'><strong>Tancredi,</strong></span> <span class='ocrx_word' id='word_1_417' title='bbox 1834 2039 2030 2072; x_wconf 87' lang='lat' dir='ltr'><strong>Willelmus</strong></span> <span class='ocrx_word' id='word_1_418' title='bbox 2060 2039 2207 2072; x_wconf 80' lang='lat' dir='ltr'><strong>Ferrea-</strong></span> 
     </span>
     <span class='ocr_line' id='line_1_44' title="bbox 354 2091 2207 2138; baseline -0.002 -10"><span class='ocrx_word' id='word_1_419' title='bbox 354 2095 496 2128; x_wconf 90' lang='lat' dir='ltr'><strong>brachia</strong></span> <span class='ocrx_word' id='word_1_420' title='bbox 519 2101 553 2128; x_wconf 94' lang='lat' dir='ltr'><strong>et</strong></span> <span class='ocrx_word' id='word_1_421' title='bbox 576 2105 693 2127; x_wconf 89' lang='lat' dir='ltr'><strong>comes</strong></span> <span class='ocrx_word' id='word_1_422' title='bbox 715 2095 854 2138; x_wconf 87' lang='lat' dir='ltr'><strong>Drogo:</strong></span> <span class='ocrx_word' id='word_1_423' title='bbox 879 2105 957 2126; x_wconf 89' lang='lat' dir='ltr'><strong>nam</strong></span> <span class='ocrx_word' id='word_1_424' title='bbox 981 2094 1130 2126; x_wconf 88' lang='lat' dir='ltr'><strong>necdum</strong></span> <span class='ocrx_word' id='word_1_425' title='bbox 1155 2094 1335 2138; x_wconf 89' lang='lat' dir='ltr'><strong>quisquam</strong></span> <span class='ocrx_word' id='word_1_426' title='bbox 1360 2094 1506 2126; x_wconf 76' lang='lat' dir='ltr'><strong>fratrum</strong></span> <span class='ocrx_word' id='word_1_427' title='bbox 1530 2104 1591 2126; x_wconf 90' lang='lat' dir='ltr'><strong>eos</strong></span> <span class='ocrx_word' id='word_1_428' title='bbox 1613 2094 1818 2126; x_wconf 89' lang='lat' dir='ltr'><strong>subsecutus</strong></span> <span class='ocrx_word' id='word_1_429' title='bbox 1841 2093 1957 2125; x_wconf 80' lang='lat' dir='ltr'><strong>fuerat</strong></span> <span class='ocrx_word' id='word_1_430' title='bbox 1968 2092 1990 2125; x_wconf 78' lang='lat'><strong>⁵.</strong></span> <span class='ocrx_word' id='word_1_431' title='bbox 2036 2091 2100 2125; x_wconf 88' lang='lat' dir='ltr'><strong>Isti</strong></span> <span class='ocrx_word' id='word_1_432' title='bbox 2114 2102 2207 2130; x_wconf 90' lang='lat' dir='ltr'><strong>vero,</strong></span> 
     </span>
    </p>
   </div>
   <div class='ocr_carea' id='block_1_14' title="bbox 2231 1397 2295 1444">
    <p class='ocr_par' dir='ltr' id='par_1_14' title="bbox 2231 1393 2295 1444">
     <span class='ocr_line' id='line_1_45' title="bbox 2231 1397 2295 1444; baseline 0.016 -16"><span class='ocrx_word' id='word_1_433' title='bbox 2231 1397 2275 1429; x_wconf 84' lang='lat'><strong>20</strong></span> <span class='ocrx_word' id='word_1_434' title='bbox 2289 1414 2295 1444; x_wconf 70' lang='lat'><em>3</em></span> 
     </span>
    </p>
   </div>
   <div class='ocr_carea' id='block_1_15' title="bbox 354 2197 2205 2529">
    <p class='ocr_par' dir='ltr' id='par_1_15' title="bbox 354 2197 2205 2529">
     <span class='ocr_line' id='line_1_46' title="bbox 447 2197 2205 2232; baseline -0.001 -8"><span class='ocrx_word' id='word_1_435' title='bbox 447 2208 469 2225; x_wconf 88' lang='lat'><strong>1.</strong></span> <span class='ocrx_word' id='word_1_436' title='bbox 487 2201 584 2232; x_wconf 81' lang='lat' dir='ltr'><strong>utique</strong></span> <span class='ocrx_word' id='word_1_437' title='bbox 604 2200 760 2232; x_wconf 81' lang='lat' dir='ltr'><strong>improvise</strong></span> <span class='ocrx_word' id='word_1_438' title='bbox 780 2200 808 2224; x_wconf 89' lang='lat' dir='ltr'><em>P</em></span> <span class='ocrx_word' id='word_1_439' title='bbox 825 2213 857 2217; x_wconf 88' lang='lat'><strong>—</strong></span> <span class='ocrx_word' id='word_1_440' title='bbox 881 2206 922 2231; x_wconf 84' lang='lat'><strong>1—3</strong></span> <span class='ocrx_word' id='word_1_441' title='bbox 949 2199 1152 2224; x_wconf 79' lang='lat' dir='ltr'><strong>diviserit....</strong></span> <span class='ocrx_word' id='word_1_442' title='bbox 1172 2201 1266 2231; x_wconf 88' lang='lat' dir='ltr'><strong>spatia</strong></span> <span class='ocrx_word' id='word_1_443' title='bbox 1291 2207 1339 2223; x_wconf 83' lang='lat' dir='ltr'><strong>vm.</strong></span> <span class='ocrx_word' id='word_1_444' title='bbox 1362 2200 1386 2224; x_wconf 88' lang='lat' dir='ltr'><strong>C</strong></span> <span class='ocrx_word' id='word_1_445' title='bbox 1402 2212 1435 2217; x_wconf 87' lang='lat'>—</span> <span class='ocrx_word' id='word_1_446' title='bbox 1455 2198 1479 2223; x_wconf 84' lang='lat'><strong>6.</strong></span> <span class='ocrx_word' id='word_1_447' title='bbox 1501 2198 1667 2232; x_wconf 83' lang='lat' dir='ltr'><strong>vilioribus]</strong></span> <span class='ocrx_word' id='word_1_448' title='bbox 1686 2198 1858 2223; x_wconf 89' lang='lat' dir='ltr'><strong>cultioribus</strong></span> <span class='ocrx_word' id='word_1_449' title='bbox 1878 2199 1917 2227; x_wconf 61' lang='lat' dir='ltr'><strong>P}</strong></span> <span class='ocrx_word' id='word_1_450' title='bbox 1936 2205 1999 2222; x_wconf 91' lang='lat' dir='ltr'><strong>cum</strong></span> <span class='ocrx_word' id='word_1_451' title='bbox 2019 2197 2117 2222; x_wconf 88' lang='lat' dir='ltr'><strong>vilior.</strong></span> <span class='ocrx_word' id='word_1_452' title='bbox 2130 2198 2160 2223; x_wconf 86' lang='lat' dir='ltr'><em>D</em></span> <span class='ocrx_word' id='word_1_453' title='bbox 2173 2210 2205 2216; x_wconf 94' lang='lat'>—</span> 
     </span>
     <span class='ocr_line' id='line_1_47' title="bbox 356 2239 2205 2275; baseline -0.002 -8"><span class='ocrx_word' id='word_1_454' title='bbox 356 2249 379 2273; x_wconf 88' lang='lat'><strong>7.</strong></span> <span class='ocrx_word' id='word_1_455' title='bbox 399 2243 470 2275; x_wconf 87' lang='lat' dir='ltr'><strong>ipsis</strong></span> <span class='ocrx_word' id='word_1_456' title='bbox 490 2243 582 2267; x_wconf 87' lang='lat' dir='ltr'><strong>minus</strong></span> <span class='ocrx_word' id='word_1_457' title='bbox 602 2243 665 2267; x_wconf 89' lang='lat' dir='ltr'><strong>BD</strong></span> <span class='ocrx_word' id='word_1_458' title='bbox 683 2256 715 2260; x_wconf 80' lang='lat'><strong>—-</strong></span> <span class='ocrx_word' id='word_1_459' title='bbox 736 2242 789 2275; x_wconf 89' lang='lat'><strong>7·8.</strong></span> <span class='ocrx_word' id='word_1_460' title='bbox 809 2242 1017 2275; x_wconf 82' lang='lat' dir='ltr'><strong>cyrographum</strong></span> <span class='ocrx_word' id='word_1_461' title='bbox 1036 2242 1061 2266; x_wconf 85' lang='grc' dir='ltr'><em>Α</em></span> <span class='ocrx_word' id='word_1_462' title='bbox 1082 2255 1091 2260; x_wconf 90' lang='grc'>-</span> <span class='ocrx_word' id='word_1_463' title='bbox 1111 2241 1235 2266; x_wconf 83' lang='lat' dir='ltr'><strong>Pharum</strong></span> <span class='ocrx_word' id='word_1_464' title='bbox 1253 2243 1295 2270; x_wconf 84' lang='lat' dir='ltr'><strong>P;</strong></span> <span class='ocrx_word' id='word_1_465' title='bbox 1315 2249 1363 2266; x_wconf 83' lang='lat' dir='ltr'><strong>om.</strong></span> <span class='ocrx_word' id='word_1_466' title='bbox 1385 2242 1449 2266; x_wconf 87' lang='lat' dir='ltr'><strong>BD</strong></span> <span class='ocrx_word' id='word_1_467' title='bbox 1465 2253 1477 2260; x_wconf 92' lang='lat'><em>-</em></span> <span class='ocrx_word' id='word_1_468' title='bbox 1496 2241 1644 2274; x_wconf 83' lang='lat' dir='ltr'><strong>accipiunt</strong></span> <span class='ocrx_word' id='word_1_469' title='bbox 1663 2241 1714 2266; x_wconf 77' lang='lat' dir='ltr'><strong>cosi</strong></span> <span class='ocrx_word' id='word_1_470' title='bbox 1733 2240 1793 2265; x_wconf 80' lang='grc' dir='ltr'><strong>ΡΑ</strong></span> <span class='ocrx_word' id='word_1_471' title='bbox 1805 2242 1828 2265; x_wconf 90' lang='lat' dir='ltr'><strong>C</strong></span> <span class='ocrx_word' id='word_1_472' title='bbox 1849 2253 1878 2258; x_wconf 79' lang='lat'>-</span> <span class='ocrx_word' id='word_1_473' title='bbox 1897 2239 1951 2272; x_wconf 89' lang='lat'>8-9.</span> <span class='ocrx_word' id='word_1_474' title='bbox 1972 2239 2057 2267; x_wconf 86' lang='lat' dir='ltr'><strong>Quod</strong></span> <span class='ocrx_word' id='word_1_475' title='bbox 2075 2247 2138 2265; x_wconf 87' lang='lat' dir='ltr'><strong>curn</strong></span> <span class='ocrx_word' id='word_1_476' title='bbox 2158 2240 2205 2269; x_wconf 80' lang='lat' dir='ltr'><strong>sit,</strong></span> 
     </span>
     <span class='ocr_line' id='line_1_48' title="bbox 354 2280 2204 2316; baseline -0.001 -7"><span class='ocrx_word' id='word_1_477' title='bbox 354 2285 501 2309; x_wconf 88' lang='lat' dir='ltr'><strong>Maniacus</strong></span> <span class='ocrx_word' id='word_1_478' title='bbox 519 2285 570 2308; x_wconf 80' lang='lat' dir='ltr'><strong>cosi</strong></span> <span class='ocrx_word' id='word_1_479' title='bbox 589 2285 651 2309; x_wconf 87' lang='lat' dir='ltr'><strong>BD</strong></span> <span class='ocrx_word' id='word_1_480' title='bbox 670 2299 701 2303; x_wconf 89' lang='lat'><strong>—</strong></span> <span class='ocrx_word' id='word_1_481' title='bbox 720 2291 744 2316; x_wconf 90' lang='lat'><strong>9.</strong></span> <span class='ocrx_word' id='word_1_482' title='bbox 764 2284 949 2309; x_wconf 82' lang='lat' dir='ltr'><strong>laudabiliter</strong></span> <span class='ocrx_word' id='word_1_483' title='bbox 969 2285 1031 2308; x_wconf 91' lang='lat' dir='ltr'><strong>BD</strong></span> <span class='ocrx_word' id='word_1_484' title='bbox 1050 2298 1082 2302; x_wconf 92' lang='lat'><strong>—-</strong></span> <span class='ocrx_word' id='word_1_485' title='bbox 1105 2291 1146 2309; x_wconf 80' lang='grc' dir='ltr'><strong>ιο.</strong></span> <span class='ocrx_word' id='word_1_486' title='bbox 1164 2285 1273 2316; x_wconf 84' lang='lat' dir='ltr'><strong>incepit</strong></span> <span class='ocrx_word' id='word_1_487' title='bbox 1293 2292 1340 2309; x_wconf 83' lang='lat' dir='ltr'><strong>om.</strong></span> <span class='ocrx_word' id='word_1_488' title='bbox 1361 2285 1389 2309; x_wconf 90' lang='lat' dir='ltr'><em>P</em></span> <span class='ocrx_word' id='word_1_489' title='bbox 1405 2297 1415 2302; x_wconf 97' lang='lat'>-</span> <span class='ocrx_word' id='word_1_490' title='bbox 1435 2284 1536 2310; x_wconf 85' lang='lat' dir='ltr'><strong>ridere.</strong></span> <span class='ocrx_word' id='word_1_491' title='bbox 1573 2284 1611 2308; x_wconf 92' lang='lat' dir='ltr'><strong>Ut</strong></span> <span class='ocrx_word' id='word_1_492' title='bbox 1630 2285 1722 2308; x_wconf 85' lang='lat' dir='ltr'><strong>autem</strong></span> <span class='ocrx_word' id='word_1_493' title='bbox 1741 2283 1792 2307; x_wconf 76' lang='lat' dir='ltr'><strong>cosi</strong></span> <span class='ocrx_word' id='word_1_494' title='bbox 1811 2283 1872 2307; x_wconf 84' lang='lat' dir='ltr'><strong>PA</strong></span> <span class='ocrx_word' id='word_1_495' title='bbox 1884 2284 1907 2307; x_wconf 90' lang='lat' dir='ltr'><strong>C</strong></span> <span class='ocrx_word' id='word_1_496' title='bbox 1926 2296 1958 2300; x_wconf 89' lang='lat'>—</span> <span class='ocrx_word' id='word_1_497' title='bbox 1980 2289 2020 2308; x_wconf 89' lang='lat'><strong>11.</strong></span> <span class='ocrx_word' id='word_1_498' title='bbox 2039 2280 2204 2316; x_wconf 81' lang='lat' dir='ltr'><strong>accepisset]</strong></span> 
     </span>
     <span class='ocr_line' id='line_1_49' title="bbox 355 2324 2204 2360; baseline -0.001 -8"><span class='ocrx_word' id='word_1_499' title='bbox 355 2327 466 2360; x_wconf 86' lang='lat' dir='ltr'><strong>accepit</strong></span> <span class='ocrx_word' id='word_1_500' title='bbox 479 2327 540 2351; x_wconf 85' lang='lat' dir='ltr'><strong>DA</strong></span> <span class='ocrx_word' id='word_1_501' title='bbox 551 2327 574 2351; x_wconf 84' lang='lat' dir='ltr'><em>C</em></span> <span class='ocrx_word' id='word_1_502' title='bbox 586 2339 618 2344; x_wconf 78' lang='lat'><strong>—·</strong></span> <span class='ocrx_word' id='word_1_503' title='bbox 634 2333 722 2359; x_wconf 85' lang='lat'>12-13.</span> <span class='ocrx_word' id='word_1_504' title='bbox 736 2326 898 2351; x_wconf 74' lang='lat' dir='ltr'><strong>Calabriam</strong></span> <span class='ocrx_word' id='word_1_505' title='bbox 910 2346 915 2351; x_wconf 94' lang='lat'>.</span> <span class='ocrx_word' id='word_1_506' title='bbox 928 2346 933 2351; x_wconf 93' lang='lat'>.</span> <span class='ocrx_word' id='word_1_507' title='bbox 946 2345 950 2351; x_wconf 97' lang='lat'>.</span> <span class='ocrx_word' id='word_1_508' title='bbox 962 2344 969 2352; x_wconf 89' lang='lat'>.</span> <span class='ocrx_word' id='word_1_509' title='bbox 983 2328 1128 2351; x_wconf 86' lang='lat' dir='ltr'><strong>vastantes</strong></span> <span class='ocrx_word' id='word_1_510' title='bbox 1141 2334 1191 2351; x_wconf 85' lang='lat' dir='ltr'><strong>om.</strong></span> <span class='ocrx_word' id='word_1_511' title='bbox 1203 2327 1228 2351; x_wconf 80' lang='grc' dir='ltr'><em>Α</em></span> <span class='ocrx_word' id='word_1_512' title='bbox 1242 2340 1275 2345; x_wconf 87' lang='lat'><strong>——-</strong></span> <span class='ocrx_word' id='word_1_513' title='bbox 1298 2334 1337 2359; x_wconf 85' lang='lat'><strong>¹3·</strong></span> <span class='ocrx_word' id='word_1_514' title='bbox 1358 2328 1512 2355; x_wconf 80' lang='lat' dir='ltr'><strong>vastantes,</strong></span> <span class='ocrx_word' id='word_1_515' title='bbox 1533 2328 1725 2358; x_wconf 84' lang='lat' dir='ltr'><strong>percurrentes</strong></span> <span class='ocrx_word' id='word_1_516' title='bbox 1745 2326 1773 2350; x_wconf 86' lang='lat' dir='ltr'><em>P</em></span> <span class='ocrx_word' id='word_1_517' title='bbox 1791 2339 1823 2343; x_wconf 89' lang='lat'><strong>—</strong></span> <span class='ocrx_word' id='word_1_518' title='bbox 1847 2330 1886 2356; x_wconf 85' lang='lat'><strong>15.</strong></span> <span class='ocrx_word' id='word_1_519' title='bbox 1906 2331 2003 2349; x_wconf 88' lang='lat' dir='ltr'><strong>verum</strong></span> <span class='ocrx_word' id='word_1_520' title='bbox 2023 2324 2204 2358; x_wconf 76' lang='lat' dir='ltr'><strong>provinciam</strong></span> 
     </span>
     <span class='ocr_line' id='line_1_50' title="bbox 356 2366 2204 2402; baseline -0.001 -9"><span class='ocrx_word' id='word_1_521' title='bbox 356 2369 596 2393; x_wconf 85' lang='lat' dir='ltr'><strong>invastando....</strong></span> <span class='ocrx_word' id='word_1_522' title='bbox 617 2369 763 2402; x_wconf 84' lang='lat' dir='ltr'><strong>accipiunt</strong></span> <span class='ocrx_word' id='word_1_523' title='bbox 781 2369 832 2393; x_wconf 73' lang='lat' dir='ltr'><strong>cosi</strong></span> <span class='ocrx_word' id='word_1_524' title='bbox 851 2370 879 2393; x_wconf 91' lang='lat' dir='ltr'><em>P</em></span> <span class='ocrx_word' id='word_1_525' title='bbox 895 2382 928 2386; x_wconf 91' lang='lat'><strong>—</strong></span> <span class='ocrx_word' id='word_1_526' title='bbox 951 2368 990 2393; x_wconf 85' lang='lat'><strong>16.</strong></span> <span class='ocrx_word' id='word_1_527' title='bbox 1010 2371 1158 2393; x_wconf 82' lang='lat' dir='ltr'><strong>tuerentur</strong></span> <span class='ocrx_word' id='word_1_528' title='bbox 1178 2369 1273 2401; x_wconf 84' lang='lat' dir='ltr'><strong>patria</strong></span> <span class='ocrx_word' id='word_1_529' title='bbox 1293 2369 1373 2393; x_wconf 87' lang='lat' dir='ltr'><strong>illius</strong></span> <span class='ocrx_word' id='word_1_530' title='bbox 1394 2369 1506 2393; x_wconf 88' lang='lat' dir='ltr'><strong>incolae</strong></span> <span class='ocrx_word' id='word_1_531' title='bbox 1524 2368 1575 2392; x_wconf 76' lang='lat' dir='ltr'><strong>cosi</strong></span> <span class='ocrx_word' id='word_1_532' title='bbox 1593 2369 1622 2393; x_wconf 86' lang='lat' dir='ltr'><em>P</em></span> <span class='ocrx_word' id='word_1_533' title='bbox 1638 2381 1671 2386; x_wconf 81' lang='lat'><strong>—</strong></span> <span class='ocrx_word' id='word_1_534' title='bbox 1693 2374 1733 2401; x_wconf 91' lang='lat'><strong>17.</strong></span> <span class='ocrx_word' id='word_1_535' title='bbox 1753 2369 1864 2392; x_wconf 89' lang='lat' dir='ltr'><strong>tantum</strong></span> <span class='ocrx_word' id='word_1_536' title='bbox 1891 2368 1919 2391; x_wconf 91' lang='lat' dir='ltr'><em>P</em></span> <span class='ocrx_word' id='word_1_537' title='bbox 1942 2381 1974 2384; x_wconf 86' lang='lat'><strong>-—</strong></span> <span class='ocrx_word' id='word_1_538' title='bbox 2003 2367 2090 2399; x_wconf 78' lang='lat'>18—19.</span> <span class='ocrx_word' id='word_1_539' title='bbox 2116 2367 2147 2392; x_wconf 88' lang='lat' dir='ltr'><em>D</em></span> <span class='ocrx_word' id='word_1_540' title='bbox 2169 2366 2204 2391; x_wconf 71' lang='lat' dir='ltr'><strong>dd</strong></span> 
     </span>
     <span class='ocr_line' id='line_1_51' title="bbox 355 2407 2203 2444; baseline -0.001 -8"><span class='ocrx_word' id='word_1_541' title='bbox 355 2413 535 2444; x_wconf 86' lang='lat' dir='ltr'><strong>septuaginta</strong></span> <span class='ocrx_word' id='word_1_542' title='bbox 554 2424 587 2429; x_wconf 92' lang='lat'><strong>-—</strong></span> <span class='ocrx_word' id='word_1_543' title='bbox 607 2418 649 2436; x_wconf 89' lang='lat'><strong>20.</strong></span> <span class='ocrx_word' id='word_1_544' title='bbox 669 2412 821 2436; x_wconf 85' lang='lat' dir='ltr'><strong>maluerint</strong></span> <span class='ocrx_word' id='word_1_545' title='bbox 841 2413 868 2436; x_wconf 89' lang='lat' dir='ltr'><em>P</em></span> <span class='ocrx_word' id='word_1_546' title='bbox 885 2425 917 2429; x_wconf 97' lang='lat'><strong>—</strong></span> <span class='ocrx_word' id='word_1_547' title='bbox 938 2418 980 2436; x_wconf 82' lang='lat'><strong>21.</strong></span> <span class='ocrx_word' id='word_1_548' title='bbox 1000 2409 1025 2444; x_wconf 89' lang='lat' dir='ltr'><strong>e]</strong></span> <span class='ocrx_word' id='word_1_549' title='bbox 1043 2413 1071 2436; x_wconf 89' lang='lat' dir='ltr'><em>P</em></span> <span class='ocrx_word' id='word_1_550' title='bbox 1083 2411 1106 2435; x_wconf 86' lang='lat' dir='ltr'><em>C</em></span> <span class='ocrx_word' id='word_1_551' title='bbox 1121 2425 1130 2430; x_wconf 93' lang='lat'><em>-</em></span> <span class='ocrx_word' id='word_1_552' title='bbox 1148 2412 1216 2436; x_wconf 86' lang='lat' dir='ltr'><strong>haec</strong></span> <span class='ocrx_word' id='word_1_553' title='bbox 1235 2413 1263 2437; x_wconf 91' lang='lat' dir='ltr'><em>P</em></span> <span class='ocrx_word' id='word_1_554' title='bbox 1281 2425 1313 2429; x_wconf 97' lang='lat'><strong>—</strong></span> <span class='ocrx_word' id='word_1_555' title='bbox 1334 2418 1376 2436; x_wconf 84' lang='lat'><strong>22.</strong></span> <span class='ocrx_word' id='word_1_556' title='bbox 1395 2412 1477 2444; x_wconf 88' lang='lat' dir='ltr'><strong>Hugo</strong></span> <span class='ocrx_word' id='word_1_557' title='bbox 1496 2412 1535 2440; x_wconf 88' lang='lat' dir='ltr'><strong>P;</strong></span> <span class='ocrx_word' id='word_1_558' title='bbox 1555 2419 1603 2436; x_wconf 86' lang='lat' dir='ltr'><strong>om.</strong></span> <span class='ocrx_word' id='word_1_559' title='bbox 1628 2411 1691 2435; x_wconf 87' lang='lat' dir='ltr'><strong>BD</strong></span> <span class='ocrx_word' id='word_1_560' title='bbox 1710 2424 1742 2429; x_wconf 89' lang='lat'><strong>—-</strong></span> <span class='ocrx_word' id='word_1_561' title='bbox 1763 2417 1852 2442; x_wconf 78' lang='lat'><strong>22-23.</strong></span> <span class='ocrx_word' id='word_1_562' title='bbox 1873 2407 2068 2443; x_wconf 78' lang='lat' dir='ltr'><strong>Tudextifem]</strong></span> <span class='ocrx_word' id='word_1_563' title='bbox 2087 2410 2129 2440; x_wconf 72' lang='grc' dir='ltr'><strong>Ρς</strong></span> <span class='ocrx_word' id='word_1_564' title='bbox 2147 2409 2203 2434; x_wconf 86' lang='lat' dir='ltr'><strong>Tu-</strong></span> 
     </span>
     <span class='ocr_line' id='line_1_52' title="bbox 356 2450 2202 2487; baseline -0.001 -9"><span class='ocrx_word' id='word_1_565' title='bbox 356 2454 498 2478; x_wconf 87' lang='lat' dir='ltr'><strong>debulsem</strong></span> <span class='ocrx_word' id='word_1_566' title='bbox 518 2454 580 2478; x_wconf 89' lang='lat' dir='ltr'><strong>BD</strong></span> <span class='ocrx_word' id='word_1_567' title='bbox 601 2467 631 2471; x_wconf 95' lang='lat'><strong>—</strong></span> <span class='ocrx_word' id='word_1_568' title='bbox 652 2460 692 2485; x_wconf 86' lang='lat'><strong>23.</strong></span> <span class='ocrx_word' id='word_1_569' title='bbox 713 2455 822 2486; x_wconf 85' lang='lat' dir='ltr'><strong>accepit</strong></span> <span class='ocrx_word' id='word_1_570' title='bbox 840 2455 872 2478; x_wconf 85' lang='lat' dir='ltr'><strong>ut</strong></span> <span class='ocrx_word' id='word_1_571' title='bbox 892 2454 1021 2478; x_wconf 87' lang='lat' dir='ltr'><strong>mirabile</strong></span> <span class='ocrx_word' id='word_1_572' title='bbox 1040 2455 1112 2478; x_wconf 74' lang='grc' dir='ltr'><strong>Ρ-</strong></span> <span class='ocrx_word' id='word_1_573' title='bbox 1133 2461 1175 2486; x_wconf 85' lang='lat'><strong>24.</strong></span> <span class='ocrx_word' id='word_1_574' title='bbox 1196 2452 1390 2487; x_wconf 85' lang='lat' dir='ltr'><strong>nunciaretur]</strong></span> <span class='ocrx_word' id='word_1_575' title='bbox 1411 2454 1592 2478; x_wconf 82' lang='lat' dir='ltr'><strong>mandaretur</strong></span> <span class='ocrx_word' id='word_1_576' title='bbox 1612 2454 1639 2477; x_wconf 89' lang='lat' dir='ltr'><strong>I&#39;</strong></span> <span class='ocrx_word' id='word_1_577' title='bbox 1655 2466 1688 2471; x_wconf 92' lang='lat'>—</span> <span class='ocrx_word' id='word_1_578' title='bbox 1709 2452 1750 2477; x_wconf 86' lang='lat'><strong>28.</strong></span> <span class='ocrx_word' id='word_1_579' title='bbox 1770 2460 1842 2484; x_wconf 91' lang='lat' dir='ltr'><strong>equo</strong></span> <span class='ocrx_word' id='word_1_580' title='bbox 1862 2450 1981 2486; x_wconf 81' lang='lat' dir='ltr'><strong>donato]</strong></span> <span class='ocrx_word' id='word_1_581' title='bbox 1995 2452 2034 2482; x_wconf 70' lang='lat'><strong>83</strong></span> <span class='ocrx_word' id='word_1_582' title='bbox 2049 2451 2202 2477; x_wconf 78' lang='lat' dir='ltr'><strong>datoD—</strong></span> 
     </span>
     <span class='ocr_line' id='line_1_53' title="bbox 355 2494 1517 2529; baseline 0 -9"><span class='ocrx_word' id='word_1_583' title='bbox 355 2503 396 2529; x_wconf 87' lang='lat'><strong>29.</strong></span> <span class='ocrx_word' id='word_1_584' title='bbox 416 2497 460 2520; x_wconf 86' lang='lat' dir='ltr'><strong>sul</strong></span> <span class='ocrx_word' id='word_1_585' title='bbox 478 2503 525 2520; x_wconf 89' lang='lat' dir='ltr'><strong>om.</strong></span> <span class='ocrx_word' id='word_1_586' title='bbox 546 2496 570 2520; x_wconf 88' lang='lat' dir='ltr'><strong><em>A</em></strong></span> <span class='ocrx_word' id='word_1_587' title='bbox 591 2509 622 2513; x_wconf 87' lang='lat'><strong>·—</strong></span> <span class='ocrx_word' id='word_1_588' title='bbox 643 2503 684 2527; x_wconf 86' lang='lat'><strong>30.</strong></span> <span class='ocrx_word' id='word_1_589' title='bbox 704 2494 939 2529; x_wconf 86' lang='lat' dir='ltr'><strong>comprimebant]</strong></span> <span class='ocrx_word' id='word_1_590' title='bbox 958 2496 1120 2521; x_wconf 86' lang='lat' dir='ltr'><strong>retinebant</strong></span> <span class='ocrx_word' id='word_1_591' title='bbox 1139 2497 1202 2520; x_wconf 91' lang='lat' dir='ltr'><strong>BD</strong></span> <span class='ocrx_word' id='word_1_592' title='bbox 1221 2510 1254 2514; x_wconf 83' lang='lat'>-</span> <span class='ocrx_word' id='word_1_593' title='bbox 1274 2503 1316 2528; x_wconf 88' lang='lat'><strong>33.</strong></span> <span class='ocrx_word' id='word_1_594' title='bbox 1337 2504 1401 2521; x_wconf 79' lang='lat' dir='ltr'><strong>nam</strong></span> <span class='ocrx_word' id='word_1_595' title='bbox 1421 2504 1469 2521; x_wconf 81' lang='lat' dir='ltr'><strong>om.</strong></span> <span class='ocrx_word' id='word_1_596' title='bbox 1490 2497 1517 2520; x_wconf 89' lang='lat' dir='ltr'><em>P</em></span> 
     </span>
    </p>
   </div>
   <div class='ocr_carea' id='block_1_16' title="bbox 354 2583 1252 3037">
    <p class='ocr_par' dir='ltr' id='par_1_16' title="bbox 354 2583 1252 3037">
     <span class='ocr_line' id='line_1_54' title="bbox 446 2583 1252 2616; baseline 0.001 -8"><span class='ocrx_word' id='word_1_597' title='bbox 446 2583 452 2599; x_wconf 89' lang='lat'><strong>¹</strong></span> <span class='ocrx_word' id='word_1_598' title='bbox 474 2584 595 2613; x_wconf 78' lang='grc' dir='ltr'><strong>ΑΜΑτο,</strong></span> <span class='ocrx_word' id='word_1_599' title='bbox 614 2585 691 2608; x_wconf 76' lang='lat' dir='ltr'><strong>ibid.:</strong></span> <span class='ocrx_word' id='word_1_600' title='bbox 716 2584 848 2609; x_wconf 85' lang='lat' dir='ltr'><strong>“Second</strong></span> <span class='ocrx_word' id='word_1_601' title='bbox 869 2584 897 2608; x_wconf 86' lang='lat' dir='ltr'><strong>la</strong></span> <span class='ocrx_word' id='word_1_602' title='bbox 922 2585 1043 2616; x_wconf 87' lang='lat' dir='ltr'><strong>pessime</strong></span> <span class='ocrx_word' id='word_1_603' title='bbox 1068 2587 1252 2610; x_wconf 79' lang='lat' dir='ltr'><strong>costumance</strong></span> 
     </span>
     <span class='ocr_line' id='line_1_55' title="bbox 356 2625 1250 2659; baseline 0.001 -8"><span class='ocrx_word' id='word_1_604' title='bbox 356 2627 369 2639; x_wconf 83' lang='lat'><em>“</em></span> <span class='ocrx_word' id='word_1_605' title='bbox 381 2627 414 2651; x_wconf 84' lang='lat' dir='ltr'><strong>tle</strong></span> <span class='ocrx_word' id='word_1_606' title='bbox 427 2627 450 2651; x_wconf 90' lang='lat' dir='ltr'><strong>li</strong></span> <span class='ocrx_word' id='word_1_607' title='bbox 464 2625 540 2651; x_wconf 84' lang='lat' dir='ltr'><strong>Grex</strong></span> <span class='ocrx_word' id='word_1_608' title='bbox 557 2627 587 2652; x_wconf 86' lang='lat' dir='ltr'><strong>fu</strong></span> <span class='ocrx_word' id='word_1_609' title='bbox 599 2627 681 2652; x_wconf 83' lang='lat' dir='ltr'><strong>batut</strong></span> <span class='ocrx_word' id='word_1_610' title='bbox 694 2628 759 2652; x_wconf 84' lang='lat' dir='ltr'><strong>tout</strong></span> <span class='ocrx_word' id='word_1_611' title='bbox 773 2634 812 2651; x_wconf 87' lang='lat' dir='ltr'><strong>nu</strong></span> <span class='ocrx_word' id='word_1_612' title='bbox 822 2645 835 2658; x_wconf 83' lang='lat'>„</span> <span class='ocrx_word' id='word_1_613' title='bbox 849 2635 856 2657; x_wconf 68' lang='grc' dir='ltr'>ς</span> <span class='ocrx_word' id='word_1_614' title='bbox 869 2626 1023 2656; x_wconf 73' lang='grc' dir='ltr'>(ΣΕυκΕΝο,</span> <span class='ocrx_word' id='word_1_615' title='bbox 1037 2628 1070 2656; x_wconf 88' lang='grc' dir='ltr'><strong>ΙΙ,</strong></span> <span class='ocrx_word' id='word_1_616' title='bbox 1085 2627 1150 2659; x_wconf 77' lang='lat'><strong>5463</strong></span> <span class='ocrx_word' id='word_1_617' title='bbox 1166 2627 1250 2653; x_wconf 85' lang='lat' dir='ltr'><strong>thL.</strong></span> 
     </span>
     <span class='ocr_line' id='line_1_56' title="bbox 355 2668 649 2701; baseline 0.007 -9"><span class='ocrx_word' id='word_1_618' title='bbox 355 2668 455 2698; x_wconf 62' lang='lat' dir='ltr'><strong>Aput„</strong></span> <span class='ocrx_word' id='word_1_619' title='bbox 474 2669 495 2700; x_wconf 89' lang='grc' dir='ltr'><strong>Ι,</strong></span> <span class='ocrx_word' id='word_1_620' title='bbox 518 2674 649 2701; x_wconf 82' lang='lat'>213-215:</span> 
     </span>
     <span class='ocr_line' id='line_1_57' title="bbox 511 2722 1092 2749; baseline 0.002 -6"><span class='ocrx_word' id='word_1_621' title='bbox 511 2738 728 2743; x_wconf 86' lang='grc'><em>.......</em></span> <span class='ocrx_word' id='word_1_622' title='bbox 753 2722 874 2749; x_wconf 75' lang='lat' dir='ltr'><strong>lussit(s1.-.</strong></span> <span class='ocrx_word' id='word_1_623' title='bbox 893 2723 962 2744; x_wconf 84' lang='lat' dir='ltr'><strong>Mich.</strong></span> <span class='ocrx_word' id='word_1_624' title='bbox 981 2724 1092 2748; x_wconf 81' lang='lat' dir='ltr'><strong>Docean.)</strong></span> 
     </span>
     <span class='ocr_line' id='line_1_58' title="bbox 510 2756 1026 2776; baseline 0 0"><span class='ocrx_word' id='word_1_625' title='bbox 510 2757 649 2776; x_wconf 83' lang='lat' dir='ltr'><strong>Graecorum</strong></span> <span class='ocrx_word' id='word_1_626' title='bbox 664 2757 708 2776; x_wconf 82' lang='lat' dir='ltr'><strong>ritu</strong></span> <span class='ocrx_word' id='word_1_627' title='bbox 723 2756 852 2776; x_wconf 84' lang='lat' dir='ltr'><strong>caedendus</strong></span> <span class='ocrx_word' id='word_1_628' title='bbox 867 2758 891 2776; x_wconf 89' lang='lat' dir='ltr'><strong>ut</strong></span> <span class='ocrx_word' id='word_1_629' title='bbox 905 2759 1026 2776; x_wconf 83' lang='lat' dir='ltr'><strong>exueretur</strong></span> 
     </span>
     <span class='ocr_line' id='line_1_59' title="bbox 510 2789 1069 2815; baseline 0.002 -6"><span class='ocrx_word' id='word_1_630' title='bbox 510 2789 612 2814; x_wconf 79' lang='lat' dir='ltr'><strong>corrigis</strong></span> <span class='ocrx_word' id='word_1_631' title='bbox 626 2795 715 2809; x_wconf 83' lang='lat' dir='ltr'><strong>caesum</strong></span> <span class='ocrx_word' id='word_1_632' title='bbox 730 2790 830 2815; x_wconf 82' lang='lat' dir='ltr'><strong>graviter</strong></span> <span class='ocrx_word' id='word_1_633' title='bbox 844 2795 951 2815; x_wconf 84' lang='lat' dir='ltr'><strong>peccasse</strong></span> <span class='ocrx_word' id='word_1_634' title='bbox 966 2789 1069 2814; x_wconf 80' lang='lat' dir='ltr'><strong>puderet.</strong></span> 
     </span>
     <span class='ocr_line' id='line_1_60' title="bbox 443 2835 1249 2870; baseline 0.004 -9"><span class='ocrx_word' id='word_1_635' title='bbox 443 2835 454 2851; x_wconf 80' lang='lat'><strong>²</strong></span> <span class='ocrx_word' id='word_1_636' title='bbox 479 2837 577 2861; x_wconf 91' lang='lat' dir='ltr'><strong>Anche</strong></span> <span class='ocrx_word' id='word_1_637' title='bbox 602 2839 649 2868; x_wconf 88' lang='lat' dir='ltr'><strong>qui</strong></span> <span class='ocrx_word' id='word_1_638' title='bbox 672 2838 692 2861; x_wconf 92' lang='lat' dir='ltr'><strong>il</strong></span> <span class='ocrx_word' id='word_1_639' title='bbox 712 2837 749 2862; x_wconf 92' lang='lat' dir='ltr'><strong>M.</strong></span> <span class='ocrx_word' id='word_1_640' title='bbox 771 2838 879 2862; x_wconf 88' lang='lat' dir='ltr'><strong>sembra</strong></span> <span class='ocrx_word' id='word_1_641' title='bbox 899 2845 971 2870; x_wconf 87' lang='lat' dir='ltr'><strong>poco</strong></span> <span class='ocrx_word' id='word_1_642' title='bbox 995 2838 1064 2862; x_wconf 88' lang='lat' dir='ltr'><strong>bene</strong></span> <span class='ocrx_word' id='word_1_643' title='bbox 1086 2839 1249 2864; x_wconf 80' lang='lat' dir='ltr'><strong>informato.</strong></span> 
     </span>
     <span class='ocr_line' id='line_1_61' title="bbox 354 2877 1250 2910; baseline 0.004 -9"><span class='ocrx_word' id='word_1_644' title='bbox 354 2877 465 2909; x_wconf 88' lang='lat' dir='ltr'><strong>Ignora,</strong></span> <span class='ocrx_word' id='word_1_645' title='bbox 487 2879 594 2906; x_wconf 78' lang='lat' dir='ltr'><strong>infatti.</strong></span> <span class='ocrx_word' id='word_1_646' title='bbox 616 2878 740 2904; x_wconf 85' lang='lat' dir='ltr'><strong>l’andata</strong></span> <span class='ocrx_word' id='word_1_647' title='bbox 755 2879 785 2903; x_wconf 88' lang='lat' dir='ltr'><strong>di</strong></span> <span class='ocrx_word' id='word_1_648' title='bbox 799 2879 933 2903; x_wconf 85' lang='lat' dir='ltr'><strong>Arduino</strong></span> <span class='ocrx_word' id='word_1_649' title='bbox 948 2879 977 2903; x_wconf 89' lang='lat' dir='ltr'><strong>in</strong></span> <span class='ocrx_word' id='word_1_650' title='bbox 993 2879 1111 2910; x_wconf 88' lang='lat' dir='ltr'><strong>Aversa,</strong></span> <span class='ocrx_word' id='word_1_651' title='bbox 1138 2882 1144 2904; x_wconf 88' lang='lat' dir='ltr'><strong>i</strong></span> <span class='ocrx_word' id='word_1_652' title='bbox 1161 2882 1250 2905; x_wconf 80' lang='lat' dir='ltr'><strong>disor-</strong></span> 
     </span>
     <span class='ocr_line' id='line_1_62' title="bbox 355 2918 1249 2952; baseline 0.006 -10"><span class='ocrx_word' id='word_1_653' title='bbox 355 2918 417 2943; x_wconf 85' lang='lat' dir='ltr'><strong>dini</strong></span> <span class='ocrx_word' id='word_1_654' title='bbox 437 2926 452 2943; x_wconf 91' lang='lat' dir='ltr'><strong>e</strong></span> <span class='ocrx_word' id='word_1_655' title='bbox 470 2920 497 2944; x_wconf 90' lang='lat' dir='ltr'><strong>le</strong></span> <span class='ocrx_word' id='word_1_656' title='bbox 516 2922 650 2945; x_wconf 84' lang='lat' dir='ltr'><strong>continue</strong></span> <span class='ocrx_word' id='word_1_657' title='bbox 670 2921 861 2946; x_wconf 85' lang='lat' dir='ltr'><strong>insurrezioni</strong></span> <span class='ocrx_word' id='word_1_658' title='bbox 883 2922 959 2945; x_wconf 90' lang='lat' dir='ltr'><strong>della</strong></span> <span class='ocrx_word' id='word_1_659' title='bbox 984 2921 1086 2952; x_wconf 75' lang='lat' dir='ltr'><strong>Pugna</strong></span> <span class='ocrx_word' id='word_1_660' title='bbox 1112 2925 1213 2947; x_wconf 83' lang='lat' dir='ltr'><strong>contro</strong></span> <span class='ocrx_word' id='word_1_661' title='bbox 1240 2924 1249 2948; x_wconf 87' lang='lat' dir='ltr'><strong>i</strong></span> 
     </span>
     <span class='ocr_line' id='line_1_63' title="bbox 358 2961 1247 2993; baseline 0.007 -10"><span class='ocrx_word' id='word_1_662' title='bbox 358 2961 510 2991; x_wconf 74' lang='lat' dir='ltr'><strong>Bizantini,</strong></span> <span class='ocrx_word' id='word_1_663' title='bbox 531 2963 549 2985; x_wconf 89' lang='lat' dir='ltr'><strong>il</strong></span> <span class='ocrx_word' id='word_1_664' title='bbox 572 2963 688 2993; x_wconf 84' lang='lat' dir='ltr'><strong>profltto</strong></span> <span class='ocrx_word' id='word_1_665' title='bbox 708 2963 757 2986; x_wconf 88' lang='lat' dir='ltr'><strong>che</strong></span> <span class='ocrx_word' id='word_1_666' title='bbox 777 2964 812 2987; x_wconf 88' lang='lat' dir='ltr'><strong>da</strong></span> <span class='ocrx_word' id='word_1_667' title='bbox 832 2971 889 2988; x_wconf 84' lang='lat' dir='ltr'><strong>esse</strong></span> <span class='ocrx_word' id='word_1_668' title='bbox 908 2965 1030 2988; x_wconf 79' lang='lat' dir='ltr'><strong>trassero</strong></span> <span class='ocrx_word' id='word_1_669' title='bbox 1054 2965 1060 2987; x_wconf 90' lang='lat' dir='ltr'><strong>i</strong></span> <span class='ocrx_word' id='word_1_670' title='bbox 1089 2964 1247 2990; x_wconf 85' lang='lat' dir='ltr'><strong>Normanni</strong></span> 
     </span>
     <span class='ocr_line' id='line_1_64' title="bbox 354 3002 1245 3037; baseline 0.006 -11"><span class='ocrx_word' id='word_1_671' title='bbox 354 3002 412 3026; x_wconf 83' lang='lat' dir='ltr'><strong>fino</strong></span> <span class='ocrx_word' id='word_1_672' title='bbox 432 3004 464 3027; x_wconf 86' lang='lat' dir='ltr'><strong>ad</strong></span> <span class='ocrx_word' id='word_1_673' title='bbox 485 3005 657 3028; x_wconf 85' lang='lat' dir='ltr'><strong>intervenire</strong></span> <span class='ocrx_word' id='word_1_674' title='bbox 677 3005 750 3029; x_wconf 88' lang='lat' dir='ltr'><strong>nelle</strong></span> <span class='ocrx_word' id='word_1_675' title='bbox 770 3013 833 3030; x_wconf 88' lang='lat' dir='ltr'><strong>cose</strong></span> <span class='ocrx_word' id='word_1_676' title='bbox 853 3006 880 3029; x_wconf 89' lang='lat' dir='ltr'><strong>di</strong></span> <span class='ocrx_word' id='word_1_677' title='bbox 895 3005 987 3037; x_wconf 78' lang='lat' dir='ltr'><strong>quella</strong></span> <span class='ocrx_word' id='word_1_678' title='bbox 1002 3008 1084 3035; x_wconf 85' lang='lat' dir='ltr'><strong>terra,</strong></span> <span class='ocrx_word' id='word_1_679' title='bbox 1100 3006 1202 3031; x_wconf 82' lang='lat' dir='ltr'><strong>caduta</strong></span> <span class='ocrx_word' id='word_1_680' title='bbox 1217 3009 1245 3034; x_wconf 84' lang='lat' dir='ltr'><strong>in</strong></span> 
     </span>
    </p>
   </div>
   <div class='ocr_carea' id='block_1_17' title="bbox 1304 2583 2206 3041">
    <p class='ocr_par' dir='ltr' id='par_1_17' title="bbox 1305 2583 2205 2695">
     <span class='ocr_line' id='line_1_65' title="bbox 1306 2583 2205 2618; baseline -0.001 -9"><span class='ocrx_word' id='word_1_681' title='bbox 1306 2585 1393 2618; x_wconf 88' lang='lat' dir='ltr'><strong>preda</strong></span> <span class='ocrx_word' id='word_1_682' title='bbox 1412 2585 1446 2609; x_wconf 93' lang='lat' dir='ltr'><strong>ad</strong></span> <span class='ocrx_word' id='word_1_683' title='bbox 1467 2592 1523 2609; x_wconf 86' lang='lat' dir='ltr'><strong>una</strong></span> <span class='ocrx_word' id='word_1_684' title='bbox 1543 2583 1737 2609; x_wconf 78' lang='lat' dir='ltr'><strong>commozione</strong></span> <span class='ocrx_word' id='word_1_685' title='bbox 1757 2584 1807 2608; x_wconf 90' lang='lat' dir='ltr'><strong>che</strong></span> <span class='ocrx_word' id='word_1_686' title='bbox 1826 2584 1855 2608; x_wconf 79' lang='lat' dir='ltr'><strong>fu</strong></span> <span class='ocrx_word' id='word_1_687' title='bbox 1876 2584 2002 2608; x_wconf 84' lang='lat' dir='ltr'><strong>decisiva</strong></span> <span class='ocrx_word' id='word_1_688' title='bbox 2027 2583 2072 2608; x_wconf 89' lang='lat' dir='ltr'><strong>del</strong></span> <span class='ocrx_word' id='word_1_689' title='bbox 2100 2583 2205 2608; x_wconf 78' lang='lat' dir='ltr'><strong>futuro.</strong></span> 
     </span>
     <span class='ocr_line' id='line_1_66' title="bbox 1305 2624 2205 2659; baseline -0.002 -7"><span class='ocrx_word' id='word_1_690' title='bbox 1305 2627 1471 2658; x_wconf 78' lang='lat' dir='ltr'><strong>Senz’altro,</strong></span> <span class='ocrx_word' id='word_1_691' title='bbox 1490 2627 1549 2659; x_wconf 86' lang='lat' dir='ltr'><strong>egli</strong></span> <span class='ocrx_word' id='word_1_692' title='bbox 1568 2627 1656 2651; x_wconf 81' lang='lat' dir='ltr'><strong>lascia</strong></span> <span class='ocrx_word' id='word_1_693' title='bbox 1677 2626 1773 2651; x_wconf 83' lang='lat' dir='ltr'><strong>venire</strong></span> <span class='ocrx_word' id='word_1_694' title='bbox 1786 2627 1797 2650; x_wconf 89' lang='lat' dir='ltr'><strong>l</strong></span> <span class='ocrx_word' id='word_1_695' title='bbox 1810 2626 1844 2651; x_wconf 87' lang='lat' dir='ltr'><strong>N.</strong></span> <span class='ocrx_word' id='word_1_696' title='bbox 1858 2626 2059 2651; x_wconf 84' lang='lat' dir='ltr'><strong>direttamente</strong></span> <span class='ocrx_word' id='word_1_697' title='bbox 2072 2625 2150 2650; x_wconf 76' lang='lat' dir='ltr'><strong>dalla</strong></span> <span class='ocrx_word' id='word_1_698' title='bbox 2163 2624 2205 2650; x_wconf 77' lang='lat' dir='ltr'><strong>si-</strong></span> 
     </span>
     <span class='ocr_line' id='line_1_67' title="bbox 1305 2669 1515 2695; baseline 0 -1"><span class='ocrx_word' id='word_1_699' title='bbox 1305 2671 1375 2695; x_wconf 82' lang='lat' dir='ltr'><strong>cilia</strong></span> <span class='ocrx_word' id='word_1_700' title='bbox 1394 2677 1411 2694; x_wconf 85' lang='lat' dir='ltr'><strong>a</strong></span> <span class='ocrx_word' id='word_1_701' title='bbox 1430 2669 1515 2694; x_wconf 73' lang='lat' dir='ltr'><strong>Mein.</strong></span> 
     </span>
    </p>

    <p class='ocr_par' dir='ltr' id='par_1_18' title="bbox 1304 2709 2206 2828">
     <span class='ocr_line' id='line_1_68' title="bbox 1393 2709 2206 2744; baseline -0.004 -7"><span class='ocrx_word' id='word_1_702' title='bbox 1393 2711 1403 2727; x_wconf 82' lang='lat'>³</span> <span class='ocrx_word' id='word_1_703' title='bbox 1422 2712 1459 2737; x_wconf 91' lang='lat' dir='ltr'><strong>Su</strong></span> <span class='ocrx_word' id='word_1_704' title='bbox 1485 2714 1584 2744; x_wconf 85' lang='lat' dir='ltr'><strong>questo</strong></span> <span class='ocrx_word' id='word_1_705' title='bbox 1614 2719 1704 2741; x_wconf 86' lang='lat' dir='ltr'><strong>nome,</strong></span> <span class='ocrx_word' id='word_1_706' title='bbox 1729 2712 1764 2735; x_wconf 82' lang='lat' dir='ltr'><strong>cf.</strong></span> <span class='ocrx_word' id='word_1_707' title='bbox 1785 2711 1819 2736; x_wconf 89' lang='lat' dir='ltr'><strong>A.</strong></span> <span class='ocrx_word' id='word_1_708' title='bbox 1845 2712 2004 2743; x_wconf 67' lang='lat' dir='ltr'><strong>Bnassnau,</strong></span> <span class='ocrx_word' id='word_1_709' title='bbox 2032 2709 2206 2742; x_wconf 65' lang='lat' dir='ltr'><strong>Jahrb-zober</strong></span> 
     </span>
     <span class='ocr_line' id='line_1_69' title="bbox 1304 2750 2206 2786; baseline -0.002 -7"><span class='ocrx_word' id='word_1_710' title='bbox 1304 2755 1349 2779; x_wconf 78' lang='lat' dir='ltr'><strong>des</strong></span> <span class='ocrx_word' id='word_1_711' title='bbox 1367 2755 1506 2780; x_wconf 74' lang='lat' dir='ltr'><strong>deutschen</strong></span> <span class='ocrx_word' id='word_1_712' title='bbox 1525 2755 1621 2779; x_wconf 80' lang='lat' dir='ltr'><strong>Reichs</strong></span> <span class='ocrx_word' id='word_1_713' title='bbox 1639 2757 1719 2779; x_wconf 71' lang='lat' dir='ltr'><strong>anter</strong></span> <span class='ocrx_word' id='word_1_714' title='bbox 1731 2754 1844 2778; x_wconf 79' lang='lat' dir='ltr'><strong>Konrad</strong></span> <span class='ocrx_word' id='word_1_715' title='bbox 1862 2753 1896 2777; x_wconf 88' lang='lat' dir='ltr'><strong>II</strong></span> <span class='ocrx_word' id='word_1_716' title='bbox 1914 2753 2053 2786; x_wconf 81' lang='lat' dir='ltr'><strong>(Leipzig,</strong></span> <span class='ocrx_word' id='word_1_717' title='bbox 2070 2750 2206 2786; x_wconf 82' lang='lat'><strong>1879—84),</strong></span> 
     </span>
     <span class='ocr_line' id='line_1_70' title="bbox 1305 2797 1498 2828; baseline 0.005 -8"><span class='ocrx_word' id='word_1_718' title='bbox 1305 2797 1362 2821; x_wconf 80' lang='lat' dir='ltr'><strong>vol.</strong></span> <span class='ocrx_word' id='word_1_719' title='bbox 1383 2797 1417 2828; x_wconf 85' lang='lat' dir='ltr'><strong>II,</strong></span> <span class='ocrx_word' id='word_1_720' title='bbox 1438 2802 1498 2828; x_wconf 82' lang='lat'>502.</span> 
     </span>
    </p>

    <p class='ocr_par' dir='ltr' id='par_1_19' title="bbox 1394 2835 2159 2872">
     <span class='ocr_line' id='line_1_71' title="bbox 1394 2835 2159 2872; baseline -0.005 -7"><span class='ocrx_word' id='word_1_721' title='bbox 1394 2839 1405 2854; x_wconf 85' lang='lat'><strong>⁴</strong></span> <span class='ocrx_word' id='word_1_722' title='bbox 1427 2838 1534 2867; x_wconf 83' lang='lat' dir='ltr'><strong>Questo</strong></span> <span class='ocrx_word' id='word_1_723' title='bbox 1554 2839 1688 2872; x_wconf 87' lang='lat' dir='ltr'><strong>episodio</strong></span> <span class='ocrx_word' id='word_1_724' title='bbox 1707 2838 1722 2864; x_wconf 74' lang='lat' dir='ltr'><strong>&#39;e</strong></span> <span class='ocrx_word' id='word_1_725' title='bbox 1742 2839 1858 2862; x_wconf 84' lang='lat' dir='ltr'><strong>narrato</strong></span> <span class='ocrx_word' id='word_1_726' title='bbox 1879 2838 2035 2862; x_wconf 84' lang='lat' dir='ltr'><strong>solamente</strong></span> <span class='ocrx_word' id='word_1_727' title='bbox 2055 2837 2102 2862; x_wconf 80' lang='lat' dir='ltr'><strong>dal</strong></span> <span class='ocrx_word' id='word_1_728' title='bbox 2121 2835 2159 2861; x_wconf 89' lang='lat' dir='ltr'><strong>M.</strong></span> 
     </span>
    </p>

    <p class='ocr_par' dir='ltr' id='par_1_20' title="bbox 1304 2879 2204 3041">
     <span class='ocr_line' id='line_1_72' title="bbox 1392 2879 2202 2914; baseline -0.005 -8"><span class='ocrx_word' id='word_1_729' title='bbox 1392 2880 1402 2896; x_wconf 77' lang='lat'>⁵</span> <span class='ocrx_word' id='word_1_730' title='bbox 1421 2881 1461 2906; x_wconf 88' lang='lat' dir='ltr'><strong>La</strong></span> <span class='ocrx_word' id='word_1_731' title='bbox 1481 2882 1623 2914; x_wconf 80' lang='lat' dir='ltr'><strong>battaglia</strong></span> <span class='ocrx_word' id='word_1_732' title='bbox 1643 2888 1773 2906; x_wconf 87' lang='lat' dir='ltr'><strong>avvenne</strong></span> <span class='ocrx_word' id='word_1_733' title='bbox 1794 2881 1813 2904; x_wconf 86' lang='lat' dir='ltr'><strong>il</strong></span> <span class='ocrx_word' id='word_1_734' title='bbox 1838 2885 1868 2912; x_wconf 92' lang='lat'><strong>17</strong></span> <span class='ocrx_word' id='word_1_735' title='bbox 1889 2887 1983 2904; x_wconf 85' lang='lat' dir='ltr'><strong>marzo</strong></span> <span class='ocrx_word' id='word_1_736' title='bbox 2006 2879 2202 2911; x_wconf 61' lang='lat' dir='ltr'><strong>1041=A1v0N⁴</strong></span> 
     </span>
     <span class='ocr_line' id='line_1_73' title="bbox 1304 2921 2204 2955; baseline -0.002 -8"><span class='ocrx_word' id='word_1_737' title='bbox 1304 2924 1384 2952; x_wconf 53' lang='lat' dir='ltr'><strong>Biia„</strong></span> <span class='ocrx_word' id='word_1_738' title='bbox 1403 2925 1439 2948; x_wconf 79' lang='lat' dir='ltr'><strong>ad</strong></span> <span class='ocrx_word' id='word_1_739' title='bbox 1456 2932 1500 2948; x_wconf 80' lang='lat' dir='ltr'><strong>an.</strong></span> <span class='ocrx_word' id='word_1_740' title='bbox 1521 2924 1570 2955; x_wconf 84' lang='lat' dir='ltr'><strong>(M.</strong></span> <span class='ocrx_word' id='word_1_741' title='bbox 1593 2924 1625 2948; x_wconf 83' lang='lat' dir='ltr'><strong>G.</strong></span> <span class='ocrx_word' id='word_1_742' title='bbox 1646 2924 1680 2948; x_wconf 85' lang='lat' dir='ltr'><strong>H.</strong></span> <span class='ocrx_word' id='word_1_743' title='bbox 1703 2923 1762 2949; x_wconf 84' lang='lat' dir='ltr'><em>SS..</em></span> <span class='ocrx_word' id='word_1_744' title='bbox 1776 2923 1809 2951; x_wconf 89' lang='lat' dir='ltr'><strong>V,</strong></span> <span class='ocrx_word' id='word_1_745' title='bbox 1824 2922 1882 2955; x_wconf 83' lang='lat'>54):</span> <span class='ocrx_word' id='word_1_746' title='bbox 1900 2922 2019 2946; x_wconf 79' lang='lat' dir='ltr'><strong>“mense</strong></span> <span class='ocrx_word' id='word_1_747' title='bbox 2033 2921 2146 2952; x_wconf 78' lang='lat' dir='ltr'><strong>martio,</strong></span> <span class='ocrx_word' id='word_1_748' title='bbox 2161 2921 2204 2945; x_wconf 85' lang='lat' dir='ltr'><strong>de-</strong></span> 
     </span>
     <span class='ocr_line' id='line_1_74' title="bbox 1307 2963 2203 2998; baseline -0.003 -8"><span class='ocrx_word' id='word_1_749' title='bbox 1307 2965 1406 2990; x_wconf 82' lang='lat' dir='ltr'><strong>“cimo</strong></span> <span class='ocrx_word' id='word_1_750' title='bbox 1427 2968 1550 2998; x_wconf 84' lang='lat' dir='ltr'><strong>septimo</strong></span> <span class='ocrx_word' id='word_1_751' title='bbox 1571 2967 1707 2994; x_wconf 85' lang='lat' dir='ltr'><strong>intrante,</strong></span> <span class='ocrx_word' id='word_1_752' title='bbox 1727 2966 1834 2990; x_wconf 79' lang='lat' dir='ltr'><strong>sactum</strong></span> <span class='ocrx_word' id='word_1_753' title='bbox 1855 2966 1896 2989; x_wconf 88' lang='lat' dir='ltr'><strong>est</strong></span> <span class='ocrx_word' id='word_1_754' title='bbox 1911 2964 2050 2997; x_wconf 86' lang='lat' dir='ltr'><strong>proelium</strong></span> <span class='ocrx_word' id='word_1_755' title='bbox 2064 2963 2203 2988; x_wconf 78' lang='lat' dir='ltr'><strong>Norman-</strong></span> 
     </span>
     <span class='ocr_line' id='line_1_75' title="bbox 1304 3006 2132 3041; baseline -0.002 -9"><span class='ocrx_word' id='word_1_756' title='bbox 1304 3008 1317 3021; x_wconf 79' lang='lat'><em>“</em></span> <span class='ocrx_word' id='word_1_757' title='bbox 1330 3016 1432 3032; x_wconf 86' lang='lat' dir='ltr'><strong>norum</strong></span> <span class='ocrx_word' id='word_1_758' title='bbox 1451 3010 1479 3033; x_wconf 86' lang='lat' dir='ltr'><strong>et</strong></span> <span class='ocrx_word' id='word_1_759' title='bbox 1500 3007 1673 3032; x_wconf 84' lang='lat' dir='ltr'><strong>Graecorum</strong></span> <span class='ocrx_word' id='word_1_760' title='bbox 1694 3009 1775 3041; x_wconf 82' lang='lat' dir='ltr'><strong>juxta</strong></span> <span class='ocrx_word' id='word_1_761' title='bbox 1795 3007 1912 3031; x_wconf 84' lang='lat' dir='ltr'><strong>fluvium</strong></span> <span class='ocrx_word' id='word_1_762' title='bbox 1932 3006 2132 3038; x_wconf 76' lang='lat' dir='ltr'><strong>Dulibentis„.</strong></span> 
     </span>
    </p>
   </div>
   <div class='ocr_carea' id='block_1_18' title="bbox 2234 2573 2311 2608">
    <p class='ocr_par' dir='ltr' id='par_1_21' title="bbox 2234 2573 2311 2608">
     <span class='ocr_line' id='line_1_76' title="bbox 2234 2573 2311 2608; baseline 0.013 -1"><span class='ocrx_word' id='word_1_763' title='bbox 2234 2588 2268 2608; x_wconf 83' lang='lat'><strong>20</strong></span> <span class='ocrx_word' id='word_1_764' title='bbox 2308 2573 2311 2602; x_wconf 15' lang='grc' dir='ltr'><em>ς</em></span> 
     </span>
    </p>
   </div>
   <div class='ocr_carea' id='block_1_19' title="bbox 2231 2802 2263 2829">
    <p class='ocr_par' dir='ltr' id='par_1_22' title="bbox 2231 2802 2263 2829">
     <span class='ocr_line' id='line_1_77' title="bbox 2231 2802 2263 2829; baseline 0 0"><span class='ocrx_word' id='word_1_765' title='bbox 2231 2802 2263 2829; x_wconf 82' lang='lat'><strong>²5</strong></span> 
     </span>
    </p>
   </div>
   <div class='ocr_carea' id='block_1_20' title="bbox 2268 1998 2320 2985">
    <p class='ocr_par' dir='ltr' id='par_1_23' title="bbox 2268 1998 2320 2985">
     <span class='ocr_line' id='line_1_78' title="bbox 2268 1998 2320 2985; baseline 0 0"><span class='ocrx_word' id='word_1_766' title='bbox 2268 1998 2320 2985; x_wconf 95' lang='lat' dir='ltr'><strong> </strong></span> 
     </span>
    </p>
   </div>
  </div>
 </body>
</html>
