2314 3418
43 271 45 286 ÷
89 239 142 276 [Α.
163 241 256 274 ιοοοι
460 233 530 269 DE
557 231 727 268 REBUS
756 230 932 268 GESTIS
960 227 1178 266 ROGERII
1205 228 1415 265 COMlTIS
1443 228 1558 265 ETC.

44 391 45 396 ,
89 357 309 400 Veniensque
333 367 412 390 curn
434 355 707 398 archiepiscopis
731 355 823 398 apud
852 360 1008 387 sanctum
1031 353 1238 393 Mattheum,
1260 358 1298 385 ut
1320 363 1398 386 cum
1422 351 1540 384 debito
1567 352 1698 384 honore
1729 361 1807 383 eum
1838 350 1930 382 acci-

45 420 47 423 ’
85 415 195 454 peret,
219 419 296 442 cum
320 410 540 452 processione
563 409 809 452 praestolatur;
825 414 859 442 et
873 413 1000 447 tamen,
1016 412 1161 451 propter
1178 406 1392 440 amicabilem
1407 405 1675 443 venerationem,
1692 414 1794 447 quam
1812 414 1931 436 versus

45 478 49 484 ·
87 463 248 497 comitem
271 463 432 502 habebat,
463 462 609 505 primum
633 463 679 495 ad
703 461 776 494 eius
797 461 982 504 hospitium
1006 471 1084 493 eum
1107 459 1299 492 amabiliter
1320 458 1431 491 visum
1458 458 1563 496 vadit,
1596 457 1724 501 diuque
1756 457 1830 489 eius
1860 456 1930 489 col-

85 516 201 560 loquio
223 521 313 554 us‘us,
337 517 383 549 ad
405 516 673 558 processionem,
697 525 786 558 quae
807 513 1092 557 praestolabatur,
1115 512 1355 555 suscipiendus
1377 511 1533 546 accessit.

40 602 55 605 ⁷
173 569 213 602 In
236 570 492 612 crastinumque
516 568 772 607 convenientes,
795 567 882 600 alter
905 567 1046 600 alterius
1061 566 1235 610 colloquio
1252 576 1329 599 cum
1346 565 1494 598 maxima
1510 563 1742 597 delectatione
1758 564 1929 597 fruuntur.

48 631 50 636 ·
86 621 167 660 Sed.
190 622 273 667 quia
295 622 371 665 ipse
394 621 604 664 apostolicus
625 621 826 666 jamdudum
849 619 1055 657 Robertum‚
1079 619 1279 663 episcopum
1304 619 1553 663 Traynensem,
1578 618 1704 651 comite
1726 617 1932 654 inconsulto,

47 719 48 722 Ἴ
86 675 238 719 legatum
261 675 298 707 in
320 673 440 708 Sicilia
463 676 508 708 ad
532 675 775 718 exequendum
805 674 860 718 jus
890 679 1031 706 sanctae
1062 673 1242 706 Romanae
1275 671 1454 705 Ecclesiae
1484 676 1646 713 posuerat
1658 670 1678 710 ¹,
1709 671 1931 713 perpendens

85 728 153 762 hoc
177 728 338 761 comitem
362 738 468 772 grave
492 728 594 766 ferre,
618 732 652 760 et
675 727 770 760 nullo
793 726 909 766 modo,
932 731 971 759 ut
992 725 1113 759 stabile
1138 730 1352 768 permaneat,
1382 725 1546 757 assentire
1579 733 1801 768 cognoscens,
1825 723 1930 756 etiam

45 780 59 828 'V
82 781 196 824 ipsum
220 781 394 819 comitem,
416 782 452 813 in
476 781 633 814 omnibus
654 780 801 824 negotiis
817 779 1060 812 ecclesiasticis
1082 778 1293 822 exequendis
1316 777 1390 810 zelo
1414 777 1522 810 divini
1538 778 1672 810 ardoris
1687 775 1930 809 efferve'scen-

43 839 56 860 ’τ
85 839 166 876 tem,
195 842 329 868 cassato
352 835 448 878 quod
478 835 521 868 de
553 834 717 877 episcopo
748 833 944 877 Traynensi
976 833 1122 872 fecerat,
1153 831 1359 876 legationem
1390 831 1483 864 beati
1513 831 1608 863 Petri
1639 841 1741 873 super
1771 830 1931 862 comitem

48 926 50 930 μ
85 898 150 931 per
178 893 286 920 totam
316 887 470 921 Siciliam
502 894 536 920 et
569 887 621 920 sui
649 886 735 931 juris
765 886 974 924 Calabriam,
998 885 1150 918 habitam
1180 884 1237 918 vel
1264 884 1471 923 habendam,
1502 883 1759 917 haereditaliter
1789 883 1887 926 ponit
1901 882 1929 914 ²:

49 941 58 962 ’ἵ
85 951 128 974 ea
150 941 361 974 discretione
383 947 431 979 ut,
456 941 537 974 dum
559 941 632 983 ipse
655 950 770 972 comes
792 939 974 976 advixerit,
997 939 1052 971 vel
1076 938 1199 982 aliquis
1221 938 1410 971 haeredum
1441 947 1579 970 suorum
1610 937 1677 970 zeli
1707 936 1844 979 paterni
1874 946 1931 969 ec-

52 1024 54 1027 .
85 993 269 1027 clesiastici
292 1000 462 1027 executor
482 999 658 1037 superstes
680 993 798 1031 fuerit,
820 993 956 1035 legatus
978 991 1065 1024 alius
1088 1002 1109 1023 a
1131 991 1290 1023 Romana
1313 990 1417 1030 Sede,
1441 990 1527 1034 ipsis
1557 990 1682 1030 invitis,
1706 990 1845 1022 minime
1875 1001 1931 1022 su-

44 1042 63 1093 sp
85 1053 314 1090 perponatur;
338 1047 399 1080 sed
422 1047 451 1080 si
473 1057 543 1090 qua
566 1047 746 1080 Romanae
770 1045 950 1078 Ecclesiae
973 1044 1058 1088 juris
1089 1044 1309 1087 exequenda'
1341 1044 1480 1081 fuerint,
1513 1043 1678 1077 chartulis
1712 1054 1732 1075 a
1765 1043 1924 1076 Romana
2001 1053 2032 1076 ι),
2048 1057 2110 1076 mr

39 1098 46 1105 ”
85 1098 179 1132 Sede
202 1099 239 1131 in
263 1099 419 1133 Siciliam
443 1100 498 1133 vel
523 1099 718 1133 Calabriam
744 1098 898 1137 directis,
921 1108 984 1140 per
1006 1097 1100 1140 ipsos
1123 1096 1268 1130 consilio
1293 1097 1538 1140 episcoporum
1561 1097 1759 1130 earumdem
1791 1096 1930 1139 provin-

50 1178 51 1182 ,
85 1151 216 1185 ciarum
240 1153 436 1186 authentice
459 1153 675 1186 definiantur.
722 1150 831 1189 Quod
853 1151 882 1183 si
904 1151 1063 1193 episcopi
1086 1150 1132 1183 ad
1157 1150 1344 1182 concilium
1369 1150 1504 1182 invitati
1528 1150 1667 1188 fuerint,
1695 1155 1779 1193 quot
1795 1156 1830 1182 et
1845 1160 1932 1193 quos

41 1213 45 1246 ,’
85 1205 152 1248 ipsi
183 1206 303 1239 comiti
326 1206 382 1240 vel
405 1206 473 1239 suis
496 1206 622 1239 futuris
645 1204 853 1238 haeredibus
875 1204 984 1237 visum
1009 1203 1127 1242 fuerit,
1150 1203 1233 1236 illuc
1256 1203 1324 1235 illis
1348 1204 1509 1248 dirigant,
1532 1204 1598 1236 nisi
1621 1204 1713 1237 forte
1739 1204 1783 1237 de
1814 1203 1930 1247 aliquo

48 1279 50 1286 r
83 1260 237 1303 ipsorum
260 1260 299 1293 in
322 1259 470 1293 concilio
494 1259 666 1303 agendum
689 1259 745 1297 sit,
768 1258 803 1290 in
828 1257 951 1291 Sicilia
973 1257 1031 1290 vel
1054 1256 1216 1290 Calabria
1239 1257 1275 1289 in
1291 1257 1490 1299 praesentia
1505 1268 1566 1289 sua
1582 1258 1778 1290 authentice
1794 1256 1929 1290 definiri

48 1308 52 1310 ’
83 1312 291 1356 nequiverit.
335 1312 381 1344 Et
402 1312 448 1345 ad
470 1312 538 1345 hoc
562 1310 804 1344 inconvulsum
827 1309 1074 1353 perpetualiter
1096 1310 1371 1352 permanendum
1394 1309 1579 1353 privilegio
1606 1320 1688 1342 suae
1719 1310 1932 1343 auctoritatis

86 1366 247 1406 firmavit,
273 1365 370 1399 cuius
393 1366 596 1398 sententiam
619 1364 679 1397 hic
702 1363 941 1397 subtitulamus
955 1363 983 1396 ³:

1980 787 2055 810 Mun„
2071 787 2108 806 602

36 1510 45 1516 1
178 1485 200 1503 1.
218 1478 363 1503 Matheum
382 1480 414 1503 ut
432 1478 529 1503 debito
548 1478 575 1502 B
592 1492 625 1495 —
646 1484 670 1502 2.
683 1477 862 1511 precessione
873 1476 1102 1510 praestolabatur
1116 1478 1210 1501 tamen
1230 1477 1257 1501 B
1278 1489 1286 1494 -
1306 1483 1417 1501 versum
1436 1476 1464 1500 P
1481 1489 1513 1493 —
1533 1484 1559 1508 4.
1578 1474 1659 1509 quae]
1674 1483 1756 1507 quam
1771 1477 1797 1500 B
1816 1489 1826 1494 -
1845 1478 1932 1500 susci-

38 1522 48 1553 ἰ
86 1521 207 1554 plentius
218 1528 267 1546 m.
280 1521 306 1544 B
315 1521 345 1546 D
357 1533 391 1539 -
404 1525 430 1551 ς.
441 1518 587 1553 fruuntur]
599 1521 732 1544 secuntur
754 1521 791 1548 8;
810 1521 966 1551 sequuntur
982 1519 1011 1543 D
1029 1531 1063 1537 —
1075 1524 1099 1549 7.
1113 1517 1234 1543 Sanctae
1251 1525 1301 1544 om.
1314 1518 1375 1542 BD
1388 1531 1420 1535 -—
1434 1517 1458 1542 8.
1473 1517 1534 1542 ullo
1548 1518 1575 1542 B
1587 1531 1620 1535 —
1634 1525 1707 1550 9-10.
1720 1518 1894 1543 effervescere
1909 1519 1934 1542 Ι)

43 1569 46 1572 ’
87 1575 121 1580 -
137 1569 179 1588 11.
196 1564 224 1587 et
242 1563 288 1587 sui
303 1563 375 1596 juris
389 1561 552 1587 CalabrIam
565 1562 692 1587 habitam
704 1569 752 1586 om.
768 1562 794 1586 P
806 1574 837 1580 -
854 1568 895 1593 13.
908 1560 1072 1594 superstetis
1086 1560 1114 1585 B
1126 1574 1158 1578 —
1175 1566 1266 1592 13-14.
1280 1560 1397 1584 minime
1411 1558 1630 1593 superponatur]
1644 1560 1740 1584 nullus
1754 1562 1932 1593 supponatur

34 1610 39 1618 ··
88 1605 155 1630 BD
171 1618 206 1623 -
221 1612 262 1637 14.
275 1605 384 1630 fuerint
396 1612 444 1630 om.
456 1605 486 1629 D
497 1618 505 1623 -
518 1604 636 1630 cartulis
648 1606 676 1629 B
689 1618 721 1622 —
738 1603 778 1629 16.
792 1603 974 1628 definiantur.
998 1600 1094 1636 Quod]
1108 1602 1308 1628 diffiniantur-
1321 1601 1435 1634 Reliqui
1452 1602 1511 1627 BD
1524 1615 1533 1620 -
1547 1602 1703 1626 consilium
1722 1603 1749 1627 B
1763 1615 1793 1620 —-
1811 1607 1851 1634 17.
1870 1603 1932 1627 illis

40 1660 50 1673 v.
86 1654 136 1672 out.
153 1647 182 1672 P
198 1660 231 1666 —
253 1645 295 1673 18.
311 1647 351 1672 sit
368 1647 444 1680 apud
462 1647 592 1672 Siciliam
612 1647 656 1671 vel
679 1646 841 1671 Calabriam
860 1646 944 1670 insiti
961 1652 1011 1671 sua
1029 1647 1123 1670 autem
1142 1652 1212 1670 voce
1230 1644 1349 1669 diffiniri
1369 1645 1510 1676 nequierit
1526 1643 1577 1668 cosi
1596 1644 1660 1669 BD
1680 1657 1711 1661 —
1729 1651 1768 1677 19.
1782 1645 1933 1669 inconvul-

87 1687 160 1723 sum]
179 1691 360 1714 commissum
378 1690 408 1715 P
429 1702 459 1708 -—
484 1696 572 1721 19-20.
591 1689 748 1723 privilegio
768 1695 820 1713 suo
839 1688 941 1719 firmat,
959 1688 1039 1712 culus
1056 1687 1107 1712 cosi
1127 1687 1189 1712 BD
1206 1701 1240 1705 —
1260 1693 1302 1712 20.
1321 1687 1368 1711 hic
1387 1694 1436 1711 mn.
1456 1687 1483 1711 P

1033 1791 1106 1815 sulle
1125 1791 1234 1823 origini
1253 1790 1328 1814 della
1347 1789 1471 1822 Legazia
1489 1789 1540 1823 (op.
1553 1790 1610 1818 cit..
1623 1797 1670 1822 pp.
1685 1789 1795 1822 213-18)
1810 1798 1843 1814 ne
1856 1790 1931 1814 dette

1033 1833 1215 1858 un’edizione
1232 1834 1343 1862 critica,
1362 1832 1412 1857 che
1430 1831 1530 1857 ricavo
1550 1831 1596 1856 dal
1615 1832 1677 1856 cod.
1697 1831 1930 1866 “Montaperto,‚

44 1819 51 1829 Ἴ,
173 1790 183 1808 ¹
201 1792 226 1817 n
238 1793 277 1818 M.
290 1795 352 1818 tace
364 1793 415 1818 che
428 1793 450 1818 il
464 1792 565 1824 Conte,
579 1793 609 1818 in
624 1793 735 1825 seguito
747 1799 765 1816 a
778 1794 877 1823 questa
890 1792 980 1816 nomi-

4 1843 6 1846 ·
38 1857 43 1860 .
85 1843 122 1860 na
139 1835 296 1868 pontificia,
315 1842 404 1860 aveva
423 1835 575 1860 senz’altro
591 1835 664 1860 fatto
676 1834 809 1859 chiudere
821 1834 843 1858 il
857 1840 979 1859 vescovo

84 1877 212 1903 Roberto
226 1878 301 1903 nelle
313 1878 418 1903 carceri
431 1878 462 1903 di
475 1876 588 1910 Capua;
601 1878 637 1902 cs.
648 1877 743 1907 Kana,
757 1875 980 1908 Papsturkunaen

40 1922 54 1937 '-
85 1923 115 1947 a·
133 1919 245 1950 quen,
264 1920 294 1944 in
314 1920 564 1944 Nachrichten
585 1920 647 1945 der
666 1920 698 1944 k.
726 1918 980 1944 Gesellschaft

85 1961 144 1986 der
156 1961 481 1986 wissenschaften
495 1969 538 1986 zu
551 1960 757 1993 Gottingen
770 1958 981 1992 (1898),p.310,

42 2007 48 2038 j
85 2010 100 2028 e
117 2002 244 2033 Casus.
262 2003 315 2028 Du
335 2003 585 2029 &suasanus-den
604 2004 662 2032 cit..
682 2011 708 2035 p.
727 2002 789 2036 629.

54 2075 55 2078 Ἰ
173 2046 185 2064 ⁸
204 2037 226 2070 E
245 2046 273 2070 la
294 2046 402 2070 famosa
421 2045 593 2079 Apostolica
618 2044 739 2078 Legazia
764 2046 794 2070 ‹li
818 2045 927 2076 Sicilia,
954 2045 982 2069 la

48 2094 53 2116 ἶ
86 2088 178 2121 quale,
197 2089 326 2113 venendo
345 2090 391 2113 sin
411 2088 486 2113 dalle
505 2088 616 2121 origIni
628 2095 646 2112 a
658 2088 808 2113 costituire
820 2095 876 2113 una
889 2088 981 2120 cospi-

41 2138 54 2161 ,ςζ
85 2137 137 2156 cua
155 2130 273 2163 regalia,
286 2132 368 2155 tanta
382 2130 461 2162 larga
475 2137 562 2155 messe
581 2130 610 2155 di
631 2130 775 2162 questioni
794 2131 838 2155 tra
852 2129 954 2154 Chiesa
967 2137 982 2154 e

43 2177 44 2180 ’
86 2171 169 2198 stato
187 2174 210 2197 si
231 2174 320 2197 trasse
339 2172 442 2202 dieti-o,
461 2180 476 2197 e
494 2174 569 2198 tanti
591 2172 680 2198 feroci
700 2173 829 2197 dlbattiti
851 2170 981 2196 fomento

87 2217 246 2240 atti-averso
267 2217 275 2240 i
296 2215 394 2241 secoli.
432 2214 500 2246 Qui,
519 2215 595 2248 dopo
619 2217 728 2247 quanto
753 2213 768 2240 ὲ
793 2217 868 2240 stato
894 2222 926 2239 su
951 2215 981 2239 di

6 2282 9 2290 7
47 2281 52 2289 4
86 2264 147 2282 essa
164 2258 275 2287 scritto,
294 2265 353 2282 non
374 2260 447 2282 resta
466 2259 516 2283 che
540 2257 700 2282 rimandare
725 2257 860 2282 all’acuto
885 2257 981 2281 studio

8 2312 11 2317 f
44 2309 48 2335 3
85 2299 131 2325 del
149 2299 276 2328 Cisra.
289 2300 344 2325 Die
356 2299 564 2332 Legatengmale
576 2301 624 2323 der
636 2298 980 2324 normannisch—muisclaen

10 2342 11 2346 ’
44 2346 55 2374 ’,ι
88 2341 234 2366 aarum
251 2343 288 2366 in
308 2349 349 2367 12.
371 2341 572 2374 Jahrkundert,
587 2343 616 2366 in
631 2340 788 2370 Quellen
809 2349 826 2366 u
837 2342 876 2365 nd
897 2340 981 2365 For-

42 2378 45 2379 ⁷
86 2383 273 2417 schungen
301 2391 364 2409 aus
392 2384 665 2409 italienischen
694 2384 881 2408 Archlven
911 2383 980 2407 und

40 2421 51 2442 ⁷¹
86 2424 364 2456 Bibllotheken‚
384 2427 444 2452 vol.
463 2426 515 2451 VII
533 2426 635 2460 (1904),
654 2427 704 2451 che
723 2434 806 2459 segue
825 2426 852 2450 le
872 2427 980 2458 origini

51 2460 63 2495 ᾖ
86 2473 102 2493 e
119 2467 146 2493 le
163 2468 283 2493 vicende
311 2468 386 2493 della
404 2467 524 2500 Legazia
550 2475 599 2501 per
623 2468 730 2501 l’epoca
756 2475 922 2497 normanna,
947 2468 980 2492 ed

51 2511 57 2528 ἲ
86 2509 249 2535 all’erudito
267 2512 370 2536 scrItto
389 2511 419 2536 di
438 2510 468 2536 F.
488 2509 523 2536 G.
542 2510 736 2540 Snvnonomz,
759 2510 914 2535 Contributa
925 2509 981 2535 alla

7 2537 8 2540 ’
47 2558 52 2580 3
85 2550 175 2577 suna
185 2551 395 2584 aeu’Apmolica
406 2552 518 2585 Lego-{a
530 2552 601 2578 aena
613 2552 709 2577 sama
721 2552 797 2583 (estr.
810 2552 857 2577 dul
871 2552 928 2576 vol.
942 2552 981 2576 VI

8 2592 10 2599 '
58 2614 63 2618 ,
87 2593 162 2627 degli
181 2594 320 2619 Annali
347 2594 406 2619 del
431 2594 640 2620 Seminario
665 2594 857 2626 giurldico
883 2594 980 2618 della

49 2636 68 2671 ’ς
86 2634 126 2662 R,
145 2634 367 2662 Universlta
385 2637 418 2662 di
444 2637 636 2670 Palen-mo),
656 2638 703 2662 nel
722 2637 805 2670 quale
823 2636 837 2662 ὲ
857 2644 946 2662 messa
966 2645 980 2661 a

87 2678 202 2712 profltto
220 2679 249 2704 la
267 2680 343 2705 ricca
363 2680 531 2705 letteratura
550 2679 793 2712 sull’argomento.

51 2743 57 2759 ·.
174 2719 186 2737 ⁸
203 2720 293 2754 Segne
311 2721 339 2747 la
357 2722 437 2747 bolla
455 2722 486 2747 dl
506 2721 623 2747 Urbano
642 2721 669 2747 11
687 2721 732 2746 del
753 2727 767 2753 5
788 2721 879 2754 luglio
903 2720 979 2752 1098,

47 2789 50 2793 ,
68 2761 146 2789 wlff&
163 2765 238 2789 stata
257 2772 334 2789 come
353 2765 375 2790 n
395 2765 508 2797 pernio,
526 2764 573 2789 dal
593 2764 676 2797 quale
695 2764 718 2788 sl
732 2771 804 2789 sono
818 2763 981 2797 svlluppate

63 2805 72 2839 ζ
86 2806 161 2832 tutte
178 2805 206 2832 le
224 2808 420 2833 controversle
436 2807 670 2840 giurlsdizionall
688 2806 738 2831 che
763 2807 926 2840 rlemplono
951 2807 979 2831 dl

51 2846 54 2847 ⁷
87 2846 116 2875 ιδ
134 2849 162 2874 la
180 2849 272 2875 storia
291 2849 319 2875 dl
340 2849 452 2880 sieilia,
471 2849 508 2873 tin
522 2849 569 2874 dni
590 2849 677 2882 primi
690 2849 827 2874 tentativi
841 2849 869 2874 dl
885 2850 980 2874 restri-

9 2922 11 2930 .
64 2891 73 2937 ’ζ
85 2891 167 2917 sione
184 2891 221 2917 da
238 2893 319 2925 parte
336 2892 364 2917 dl
384 2891 522 2924 Pasquale
541 2891 567 2916 11
586 2891 632 2916 nel
654 2896 728 2923 1¹¹7·

58 2959 60 2962 ,
173 2933 277 2959 Grazle
296 2933 355 2968 agli
374 2933 451 2959 studi
472 2933 517 2958 del
543 2932 661 2967 Caspar,
686 2931 880 2959 l'autenticita
905 2934 981 2958 della

65 2973 174 3006 *boum
194 2978 296 3008 negata
313 2974 361 3009 gia
380 2976 415 3001 da
434 2976 574 3010 parecchi.
594 2974 609 3000 ὲ
627 2983 664 3000 un
687 2976 760 3000 fatto
780 2977 847 3009 oggi
868 2977 981 3001 rlcono-

61 3027 66 3039 ;
88 3016 186 3043 seluto.
223 3017 266 3043 Lo
284 3020 373 3044 stesso
387 3018 503 3051 Caspar,
517 3027 531 3043 a
546 3018 754 3051 complemento
769 3019 812 3043 dei
827 3019 889 3044 suoi
905 3017 981 3043 atudt

1033 1875 1109 1900 della
1131 1875 1290 1900 Biblioteca
1310 1874 1468 1908 Comunale
1487 1875 1515 1898 di
1536 1874 1667 1898 Palermo
1687 1872 1721 1907 (il
1741 1874 1805 1899 eod.
1822 1872 1872 1907 D),
1892 1882 1931 1899 se-

1039 1917 1185 1950 gnalundo
1210 1917 1335 1942 un’altra
1364 1918 1447 1950 copia
1476 1916 1551 1941 della
1578 1917 1666 1947 bolla,
1694 1917 1828 1941 esistente
1857 1917 1932 1941 nella

1040 1962 1110 1987 bibl.
1127 1960 1418 1986 Fitalia-Giarratana
1437 1962 1466 1985 ai
1485 1961 1565 1994 segni
1585 1961 1616 1986 F.
1636 1960 1669 1986 C.
1690 1968 1730 1986 10.
1768 1961 1815 1985 Ma
1834 1963 1932 1993 questa

1037 2005 1121 2038 copIa
1134 2003 1148 2030 ὲ
1162 2004 1192 2028 di
1211 2011 1299 2037 epoca
1318 2004 1393 2028 assai
1407 2003 1529 2033 tardima,
1545 2003 1608 2028 vale
1622 2004 1682 2028 dire
1696 2004 1741 2028 del
1755 2010 1809 2028 sec.
1828 2002 1930 2029 XVIII.

1038 2046 1167 2072 Un’altra
1188 2047 1382 2071 recentissima
1407 2046 1546 2078 ristampa
1564 2045 1640 2071 della
1662 2046 1740 2071 bolla
1764 2045 1931 2074 urbaniana‚

1037 2091 1165 2115 ricavata
1184 2089 1231 2114 dal
1252 2089 1312 2114 cod.
1330 2089 1343 2102 “
1355 2089 1548 2120 Giarratana„
1571 2089 1647 2113 della
1661 2086 1773 2113 Soa-ieta
1793 2087 1932 2113 Siciliana

1036 2133 1065 2157 di
1086 2131 1183 2157 storia
1203 2133 1298 2166 patria
1310 2130 1344 2164 (il
1359 2129 1420 2156 cod.
1435 2129 1482 2162 B),
1495 2130 1510 2157 e
1523 2131 1567 2156 del
1581 2131 1761 2163 Savagnone‚
1780 2131 1810 2155 in
1827 2138 1929 2164 appen-

1036 2175 1098 2199 dice
1118 2174 1145 2200 al
1165 2182 1215 2199 suo
1234 2174 1371 2207 opuscolo
1390 2174 1490 2203 citato,
1508 2181 1555 2207 pp.
1576 2173 1665 2205 45-56.

1123 2216 1179 2246 Ma,
1199 2217 1273 2241 oltre
1292 2217 1348 2241 alle
1367 2217 1420 2240 due
1440 2216 1575 2248 ristampe
1592 2215 1618 2239 di
1635 2223 1718 2249 sopra
1733 2215 1883 2245 ricordate,
1897 2215 1931 2239 ed

1036 2267 1051 2283 a
1064 2258 1156 2291 quelle
1175 2259 1225 2283 che
1244 2260 1373 2284 trovansi
1394 2259 1467 2283 nelle
1487 2258 1598 2283 diverse
1610 2258 1744 2288 ,edizioni
1765 2257 1841 2282 della
1861 2257 1931 2282 Cro—

1037 2308 1106 2326 naca
1120 2301 1164 2326 del
1178 2301 1340 2332 Malaterra,
1355 2301 1501 2333 parecchie
1514 2301 1587 2325 altre
1607 2301 1683 2325 volte
1697 2301 1724 2325 la
1737 2300 1817 2324 bolla
1833 2299 1845 2312 ‘⁴
1855 2299 1930 2328 Quia

1037 2344 1050 2357 ‘⁴
1062 2342 1202 2378 (propter)
1216 2343 1396 2376 prudentiam
1409 2362 1421 2375 „
1438 2343 1468 2368 su
1482 2343 1660 2376 pubblicata;
1672 2344 1730 2374 qui,
1742 2350 1756 2366 a
1768 2342 1832 2367 solo
1843 2342 1930 2367 titolo

1035 2386 1064 2411 dl
1083 2383 1231 2416 curiosita,
1250 2386 1277 2411 ci
1297 2387 1319 2410 sl
1341 2388 1478 2411 consents
1498 2386 1526 2410 di
1547 2387 1705 2417 ripertare:
1725 2385 1831 2413 Li'mm,
1849 2384 1931 2408 Codex

1035 2427 1219 2460 diplomaticus
1237 2427 1340 2459 Italiae,
1359 2427 1542 2453 Francofurti
1563 2429 1591 2452 et
1610 2428 1732 2460 Lipsiae,
1761 2425 1835 2459 1726,
1854 2428 1875 2451 t.
1896 2425 1931 2456 11,

1035 2469 1085 2503 845
1096 2479 1101 2499 ς
1114 2470 1257 2499 ΒΑκοιαο,
1272 2469 1391 2495 Annales
1401 2470 1576 2500 ecclesiastici,
1589 2468 1689 2501 Lucae,
1706 2468 1782 2501 1746,
1795 2466 1815 2493 t.
1829 2468 1930 2498 xvm,

1035 2519 1063 2546 p.
1082 2517 1096 2544 5
1117 2511 1160 2545 (fu
1179 2513 1201 2537 il
1221 2513 1296 2538 card.
1315 2513 1440 2538 Baronio
1466 2512 1516 2537 che
1539 2514 1751 2536 erroneamente
1771 2511 1849 2535 volle
1871 2517 1930 2535 cor-

1034 2562 1148 2588 reggcre
1166 2555 1264 2580 l’anno
1286 2554 1353 2587 1098
1372 2555 1447 2580 della
1466 2554 1699 2588 promulgazione
1719 2554 1793 2578 della
1806 2553 1886 2578 bolla
1899 2553 1930 2577 in

1038 2595 1132 2630 1097);
1150 2597 1256 2622 Siculae
1274 2597 1437 2628 Sancums,
1455 2596 1598 2628 Panormi,
1623 2602 1706 2628 17503
1726 2599 1746 2620 t.
1767 2596 1786 2627 Ι,
1809 2603 1835 2629 p.
1862 2602 1929 2628 294;

1034 2639 1144 2669 Maxu,
1160 2638 1302 2664 Sacrorum
1317 2640 1494 2664 Com-iliorum
1506 2646 1572 2663 nova
1584 2640 1609 2662 ct
1620 2638 1783 2670 amplissima
1797 2637 1931 2665 Collecu'a,

1035 2681 1174 2710 Venetus,
1197 2686 1271 2714 1775.
1300 2683 1320 2706 t.
1339 2681 1399 2712 XX,
1420 2689 1448 2713 p.
1467 2680 1532 2713 659:
1553 2679 1665 2709 Gar-m,
1684 2679 1782 2712 Ragau
1804 2679 1931 2711 disparet,

1035 2723 1150 2756 Nspoli,
1172 2729 1246 2756 1775,
1266 2725 1287 2749 t.
1306 2724 1353 2756 111,
1375 2731 1401 2756 p.
1420 2724 1443 2754 I,
1462 2731 1489 2756 p.
1508 2730 1559 2754 ²03
1579 2722 1687 2753 Gamo,
1707 2723 1801 2748 Codice
1812 2721 1931 2746 ecclesia·

1961 1921 1995 1948 40

1959 2135 1990 2161 45

1959 2344 1993 2370 50

1959 2558 1991 2586 55

1035 2766 1096 2791 suco
1113 2765 1207 2794 siculo,
1226 2766 1366 2797 Palermo,
1387 2764 1464 2797 1846,
1482 2773 1509 2798 p.
1522 2765 1569 2798 985
1584 2763 1770 2793 Ciusswm,
1783 2762 1930 2789 Studfwl-
1957 2761 1992 2786 60

1035 2806 1205 2840 I'Apostollca
1223 2808 1344 2840 legata,
1363 2808 1503 2838 Palermo,
1524 2807 1600 2839 1850,
1620 2814 1647 2840 p.
1666 2811 1716 2837 503
1735 2805 1864 2834 Cnauso,
1877 2806 1928 2830 Dt-

1032 2857 1115 2874 :corso
1134 2850 1405 2883 ilenrico-apologetico
1423 2850 1494 2874 della
1512 2849 1669 2873 Monarcnia
1686 2849 1718 2872 dl
1734 2848 1838 2878 Sicilia,
1863 2855 1930 2872 com-

1031 2895 1104 2924 porto
1122 2892 1157 2917 da
1177 2892 1210 2918 G.
1230 2894 1265 2918 B.
1288 2892 1316 2917 C.
1335 2892 1454 2916 d'ordine
1475 2892 1506 2915 di
1534 2891 1645 2916 Vitton'o
1668 2891 1788 2915 Amtdeo.
1825 2890 1880 2914 Per
1903 2889 1930 2913 la

1031 2935 1124 2966 prima
1140 2934 1210 2959 volta
1224 2934 1375 2967 pubblicum
1392 2934 1426 2958 ed
1442 2936 1567 2958 annotato
1581 2935 1633 2965 per
1650 2931 1684 2957 G.
1698 2931 1736 2957 M.
1750 2932 1842 2958 MiaA.
1879 2931 1929 2956 Pa-

1035 2976 1134 3006 lermo,
1156 2976 1230 3010 1863.
1249 2984 1275 3009 p.
1295 2983 1363 3009 ²²4³
1382 2976 1495 3005 Foiuto,
1513 2975 1603 3000 storia
1622 2975 1693 2999 della
1717 2974 1865 3006 apos-tollen
1882 2973 1930 2999 Le-
1957 2973 1989 3006 65

1032 3019 1142 3050 eudone
1158 3026 1268 3043 annun
1287 3018 1342 3043 alla
1364 3017 1465 3042 Corona
1483 3018 1514 3042 ds·
1531 3017 1626 3042 Sicut«
1645 3016 1690 3041 ctae
1707 3024 1740 3042 va
1757 3019 1820 3042 sotto
1838 3016 1861 3041 ΙΙ
1877 3015 1930 3042 vol·
