2314 3418
141 368 246 402 Pater
269 368 314 401 ad
337 373 471 412 tempus
492 369 576 402 iram
601 369 829 409 dissimulans,
850 369 1049 402 advenienti
1071 368 1142 400 filio
1165 368 1290 401 laetum
1313 367 1444 400 vultum
1467 366 1628 399 ostendit.
1674 365 1756 403 Sed,
1772 364 1894 408 paucis

4 422 17 492 ἐ
54 421 176 455 diebus
196 421 417 464 interpositis,
441 427 551 465 pater,
575 422 610 454 in
633 422 785 455 futurum
809 422 1034 465 prospiciens,
1059 432 1103 454 ne
1126 422 1155 454 si
1178 421 1213 459 ii,
1237 421 1295 465 qui
1318 421 1386 453 tale
1410 419 1588 452 consilium
1612 419 1682 451 filio
1706 417 1893 460 complices

4 473 8 512 ‘1
52 474 140 508 facti
163 475 342 513 dederant,
366 475 504 518 impune
527 475 723 514 transirent,
745 475 803 508 alii
826 476 872 508 ad
895 475 1016 514 simile,
1041 475 1173 517 aliquid
1195 479 1463 517 praesumentes,
1479 478 1692 515 raperentur,
1715 472 1892 503 nesciente

52 527 134 566 filio,
158 527 343 560 duodecim
367 528 500 569 priores
523 528 623 561 huius
645 529 781 568 erroris,
804 539 907 560 unum
931 534 1010 570 post
1039 528 1145 560 alium
1176 527 1241 559 sibi
1271 536 1458 565 arcessens,
1489 526 1610 559 oculos
1638 524 1766 568 privari
1796 523 1893 557 fecit.

14 598 24 607 -
55 581 136 620 Quo
160 580 268 618 facto,
291 580 398 613 filium
421 581 533 618 etiam,
557 581 619 614 tali
641 581 804 624 incoepto
827 580 973 613 ulterius
996 591 1217 622 compescere
1241 579 1405 612 terrendo
1427 579 1556 616 volens,
1575 578 1783 617 arcessitum,
1800 577 1894 610 idem

11 642 16 652 ··
56 643 159 666 causa
179 633 330 676 justitiae
353 633 473 666 facere
496 634 628 678 fingens
651 635 811 667 minatur.
857 634 929 667 Sed
951 645 972 666 a
995 633 1155 666 fidelibus
1178 633 1257 672 suis,
1281 633 1404 675 quibus
1427 643 1470 665 ex
1485 632 1654 665 industria
1676 631 1767 664 idem
1789 641 1894 675 agere

0 688 23 716 ,.’
55 686 283 730 praedixerat,
306 692 472 726 retentus,
496 687 616 719 territo
640 687 724 725 filio,
747 686 791 720 de
808 693 946 720 caetero
962 697 1025 729 pro
1039 686 1138 718 libitu
1153 697 1226 724 suo,
1241 692 1278 718 ut
1294 686 1421 724 decuit,
1437 696 1517 717 usus
1532 690 1599 717 est:
1615 696 1693 717 nam
1711 684 1897 727 disciplina

54 745 89 772 et
110 739 204 783 rigor
224 739 374 782 justitiae
399 750 476 771 cum
499 749 587 782 pace
611 740 888 772 communionem
911 739 1051 777 habent,
1067 739 1247 771 Psalmista
1262 743 1455 775 attestante,
1473 739 1550 780 'qui
1565 738 1634 770 ait:
1652 737 1895 770 Misericordia

54 797 89 825 et
108 792 238 824 veritas
260 792 479 824 obviaverunt
500 793 573 834 sibi,
585 793 728 836 justitia
751 797 785 825 et
805 797 878 836 pax
906 792 1071 825 osculatae
1102 795 1187 824 sunt.
1235 791 1294 823 Sic
1325 791 1416 823 enim
1447 790 1684 823 misericordia
1714 790 1894 823 sectan'da

55 851 117 883 est,
139 850 178 877 ut
205 845 339 888 justitia
362 845 547 884 remissior,
578 846 669 878 ultra
691 856 793 889 quam
825 846 939 885 decet,
962 855 1032 877 non
1063 845 1116 882 sit,
1140 855 1183 876 ne
1213 844 1296 876 vitia
1319 843 1460 875 nimium
1483 843 1684 875 inolescant.
1731 843 1836 876 Unde
1860 849 1894 876 et

27 931 29 934 Α
54 897 220 941 providus
242 903 351 940 pater,
375 904 412 930 ut
434 898 573 940 sapiens
595 899 760 937 medicus,
792 899 885 930 hunc
914 899 1025 941 ipsum
1055 898 1161 930 filium
1192 908 1300 935 suum,
1331 903 1368 929 ut
1397 907 1417 928 a
1447 896 1616 938 pravitate
1647 902 1894 939 compesceret,

21 954 31 961 ”
54 955 152 984 tanto
173 951 287 994 rigore
312 951 464 983 territum
488 951 627 984 attrivit.

142 1058 328 1091 XXXVII.
353 1077 394 1081 —
418 1057 521 1091 Anno
538 1059 654 1102 itaque
669 1058 876 1091 Dominicae
893 1060 903 1075 '
910 1057 1154 1091 incarnationis
1169 1056 1451 1098 MLXXXIII[I],
1467 1057 1624 1089 omnibus
1639 1057 1895 1090 accuratissime

22 1107 41 1145 ρ
53 1111 239 1154 apparatis,
262 1112 412 1154 equestri
435 1112 582 1154 plurimo
605 1112 763 1145 exercitu
787 1112 850 1144 sed
873 1117 908 1143 et
930 1111 1084 1153 peditum
1108 1110 1264 1152 plurimis
1288 1109 1407 1152 copiiS‚
1439 1110 1509 1142 dux
1531 1120 1647 1142 versus
1671 1110 1817 1143 Romam
1850 1110 1894 1143 ab

6 1161 27 1165 ”
55 1163 236 1197 obsidione
261 1165 492 1207 Imperatoris,
516 1165 772 1208 infideliumque
796 1165 1033 1198 Romanorum
1057 1164 1102 1196 ad
1133 1163 1351 1196 liberandum
1382 1174 1507 1205 papam
1540 1163 1747 1208 Gregorium
1772 1182 1812 1188 —
1836 1165 1895 1207 qui

34 1240 37 1242 -
54 1222 89 1251 et
111 1217 340 1250 Ildebrandus
363 1224 440 1250 ante
463 1224 656 1261 susceptum
679 1223 843 1261 papatum
873 1216 1055 1250 dicebatur
1080 1235 1132 1255 ——-,
1164 1222 1353 1259 contraque
1385 1217 1580 1255 Caesarem,
1610 1218 1639 1249 si
1670 1227 1809 1250 necesse
1841 1218 1896 1258 sit,

26 1267 30 1270 ’
55 1270 122 1302 nisi
147 1271 258 1308 cedat,
284 1271 486 1303 dimicatum
508 1271 650 1303 leonina
672 1271 856 1304 ferocitate
880 1270 943 1303 iter
968 1270 1128 1303 intendit.

141 1322 201 1363 At,
226 1333 303 1356 cum
326 1325 394 1368 jam
418 1334 544 1367 propre
568 1330 708 1357 ventum
731 1329 793 1363 est,
816 1324 954 1356 incaute
978 1323 1142 1356 incedere
1159 1323 1288 1359 volens,
1304 1323 1472 1356 ordinatis
1488 1323 1640 1362 aciebus,
1656 1324 1749 1356 mille
1767 1324 1898 1357 electos

17 1386 29 1406 f
53 1376 180 1409 milites
204 1387 281 1409 cum
304 1377 450 1410 totidem
473 1377 606 1410 vexillis
628 1377 862 1420 praemittens,
885 1377 985 1409 aliam
1001 1376 1111 1408 aciem
1129 1388 1206 1409 cum
1223 1376 1332 1409 tribus
1346 1376 1496 1409 millibus
1510 1377 1725 1419 pedetentim
1737 1377 1896 1420 subsequi

54 1430 241 1472 praecipit3
264 1430 338 1472 ipse
363 1440 440 1463 cum
463 1431 597 1474 reliquo
621 1430 785 1468 exercitu,
808 1430 962 1472 peditum
987 1430 1105 1472 copias
1136 1447 1176 1454 —
1209 1436 1244 1462 et
1275 1440 1364 1473 quae
1389 1430 1592 1462 infirmiores
1624 1436 1722 1462 erant
1749 1437 1828 1463 ante
1859 1440 1896 1463 se

55 1492 188 1525 ponens
211 1501 252 1507 --
275 1484 420 1525 provide
443 1483 661 1527 subsequitur
673 1485 693 1516 ¹.
738 1483 906 1516 Audierat
928 1483 1057 1526 quippe
1079 1482 1204 1516 milites
1226 1483 1443 1525 imperatoris
1459 1483 1526 1515 sibi
1543 1493 1722 1516 occursum
1740 1493 1784 1516 ex
1797 1490 1895 1526 parte

23 1572 28 1582 v
54 1536 306 1580 aquae-ductus
322 1536 447 1569 exisse:
472 1537 533 1570 sed
555 1537 622 1570 hoc
645 1537 710 1569 sibi
726 1537 814 1570 falso
830 1536 974 1569 relatum
991 1542 1074 1569 erat.
1120 1536 1209 1569 Nam
1225 1537 1297 1579 ipse
1314 1536 1501 1578 imperator
1513 1536 1716 1579 jamdudum
1731 1537 1837 1569 multa
1853 1549 1896 1570 ex

23 1607 29 1634 5
54 1594 154 1632 parte
169 1589 356 1622 exercitum
379 1600 475 1622 suum
499 1601 520 1622 a
542 1600 579 1622 se
603 1590 787 1629 dimiserat,
811 1596 846 1622 et
868 1601 947 1622 cum
969 1589 1096 1622 minori
1112 1589 1244 1628 militia,
1261 1600 1363 1632 quam
1381 1595 1586 1628 accesserat,
1601 1590 1747 1627 Romae,
1764 1590 1812 1622 nil
1828 1591 1896 1623 tale

20 1645 27 1668 Γ
53 1643 257 1685 suspicatus,
280 1643 491 1681 morabatur3
516 1644 666 1687 dumque
689 1645 804 1676 hostes
827 1643 1015 1676 adventare
1038 1643 1250 1686 praesentiit,
1273 1642 1345 1675 suis
1367 1642 1501 1675 viribus
1524 1642 1638 1675 minus
1660 1643 1831 1676 sufficiens
1862 1649 1897 1676 et

55 1695 294 1728 Romanorum
306 1697 467 1729 fraudem
482 1715 525 1720 —
541 1697 696 1740 quamvis
711 1707 747 1729 se
762 1696 1002 1728 indeficientes
1022 1695 1074 1728 illi
1090 1696 1211 1728 adesse
1226 1695 1467 1738 promitterent
1483 1716 1524 1721 —
1540 1695 1802 1738 pertimescens,
1819 1706 1896 1728 cum

22 1743 203 1782 LJ‘ssfmaximo
226 1749 346 1781 dolore
369 1749 474 1782 animi
498 1749 651 1782 hostibus
673 1750 812 1788 cedens,
835 1748 920 1782 urbe
944 1749 1118 1793 digressus
1146 1749 1219 1792 jam
1248 1755 1328 1781 ante
1357 1749 1508 1781 triduum
1538 1755 1732 1782 recesserat
1743 1749 1765 1782 ⁹.
1811 1749 1891 1782 Dux

24 1801 170 1847 gitaque
200 1802 373 1834 neminem
404 1802 478 1841 sibi,
508 1808 547 1835 ut
576 1802 828 1846 suspicabatur,
859 1808 1098 1836 occursantem
1128 1802 1300 1835 hostiliter
1329 1802 1525 1842 offendens,
1555 1802 1668 1835 libero
1698 1803 1744 1835 ad
1775 1803 1895 1836 urbem

28 1848 39 1882 ³²}
55 1863 199 1888 accessu
220 1865 311 1894 usus,
335 1861 415 1888 ante
437 1862 582 1898 portam,
605 1867 675 1899 qua
697 1856 753 1888 via
775 1855 972 1888 Tusculana
986 1855 1185 1900 porrigitur,
1207 1855 1305 1900 juxta
1321 1856 1590 1898 aquae-ductum
1615 1861 1895 1895 castrametatum

24 1906 116 1951 {nubi
137 1907 254 1940 triduo
277 1914 515 1946 commoratus,
537 1908 622 1941 urbe
644 1909 797 1952 undique
820 1909 1148 1951 circumconspecta,
1172 1909 1322 1952 quodam
1346 1908 1500 1941 diluculo
1530 1919 1609 1941 cum
1640 1909 1733 1942 mille
1764 1915 1798 1942 et
1829 1916 1897 1942 tre-

57 1960 168 1994 centis
189 1961 356 1994 militibus
378 1962 425 1994 ad
447 1968 591 2004 portam,
615 1973 704 2005 quae
726 1962 837 1995 sancti
866 1961 1043 1995 Laurentii
1075 1962 1211 2001 dicitur,
1240 1961 1303 1994 sub
1335 1962 1572 2004 aquae-ductu
1601 1963 1700 2007 juxta
1729 1963 1895 2002 Tiberim,

27 2006 117 2050 v'ubi
140 2013 306 2047 minorem
329 2015 531 2053 custodiam,
556 2015 693 2047 nemine
715 2015 751 2047 in
774 2015 835 2047 illa
857 2021 954 2058 parte
976 2015 1109 2058 aliquid
1131 2015 1341 2058 suspicante,
1371 2015 1549 2057 persensit,
1582 2016 1764 2055 accedens,
1796 2016 1898 2049 scalis

25 2066 197 2110 silenter
217 2067 396 2110 appositis,
420 2078 536 2101 muros
557 2069 784 2102 transcendit.
830 2067 1010 2112 Portisque
1043 2068 1138 2101 ferro
1172 2069 1311 2111 apertis,
1342 2079 1421 2101 suos
1456 2069 1693 2108 introducens,
1727 2079 1788 2112 per
1823 2070 1898 2112 pla-

26 2106 129 2200 {teas
148 2119 242 2153 urbis
263 2131 372 2165 usque
395 2122 440 2153 ad
463 2127 616 2164 pontem,
639 2122 676 2153 in
706 2131 774 2165 quo
797 2132 877 2154 suus
898 2121 1071 2155 exercitus
1102 2122 1408 2164 'praestolabatun
1432 2122 1663 2155 Guiscardum
1688 2122 1894 2155 clamoribus

29 2168 311 2220 ingeminando,
333 2173 495 2216 civesque
518 2175 681 2207 terrendo
703 2175 862 2213 accurrit,
886 2181 1057 2218 portaque
1079 2175 1114 2207 vi
1136 2175 1251 2217 potius
1274 2175 1386 2208 fracta
1410 2185 1512 2217 quam
1540 2181 1702 2214 reserata,
1734 2186 1813 2208 suos
1842 2175 1896 2208 in-

25 2214 260 2269 }tromittens,
284 2227 404 2260 urbem
427 2227 588 2270 irrumpit
599 2226 622 2260 ³.
670 2227 797 2272 Sicque
821 2228 955 2261 directo
979 2227 1110 2271 impetu
1131 2237 1241 2271 usque
1264 2228 1309 2260 ad
1331 2228 1452 2261 turrim
1469 2228 1663 2261 Crescentii
1678 2238 1896 2271 percurrens,

55 2288 182 2322 papam
205 2279 318 2323 eripit,
340 2280 572 2324 eductumque
595 2281 738 2319 honore,
760 2291 828 2325 quo
852 2280 1011 2321 decebat,
1034 2281 1222 2321 abducens,
1245 2281 1375 2324 palatio
1398 2281 1625 2314 Lateranensi
1649 2281 1813 2319 restituit;
1838 2281 1898 2314 ubi

146 2425 171 2451 4.
189 2418 245 2443 sibl
262 2425 311 2444 om.
330 2419 359 2445 Ρ
374 2432 407 2438 —-
430 2425 470 2444 10.
490 2420 519 2444 in
538 2420 614 2445 ultra
633 2420 659 2444 Ρ
671 2433 681 2438 -
700 2427 735 2445 ne
754 2419 838 2452 vltia]
863 2421 966 2445 sevitia
992 2421 1021 2445 D
1042 2434 1075 2439 —-
1097 2427 1138 2445 11.
1156 2420 1230 2445 hunc
1249 2428 1263 2444 e
1282 2427 1363 2445 suum
1382 2428 1430 2445 om.
1450 2420 1516 2445 BD
1534 2434 1567 2439 -
1589 2427 1629 2452 13.
1648 2420 1752 2445 L'amw
1769 2420 1783 2443 ἐ
1800 2428 1849 2444 om.
1868 2421 1898 2444 tn

59 2459 140 2489 BD,-
157 2461 186 2484 P
201 2468 216 2484 α
236 2461 260 2485 C
275 2461 362 2486 ddnno
380 2461 555 2487 MLxxxm
574 2475 607 2480 -—
629 2469 668 2495 14.
694 2462 826 2496 plurimis
849 2471 898 2488 om.
917 2463 975 2487 PC
992 2475 1023 2480 —
1046 2467 1134 2495 ι4-ις.
1153 2463 1188 2487 ad
1207 2463 1398 2488 obsessionem
1418 2464 1478 2488 PC
1497 2477 1528 2481 —
1552 2468 1591 2494 15.
1611 2462 1825 2494 infeliciumque
1844 2463 1874 2487 D
1891 2476 1900 2480 -

33 2501 46 2527 ζ
59 2501 95 2526 ιὰ
112 2501 289 2527 liberandum
308 2511 358 2528 om.
377 2504 437 2528 PC
455 2516 487 2522 --
510 2503 597 2537 15-16.
614 2505 681 2536 quia
701 2504 899 2530 Aldebrandus
918 2513 999 2530 suum
1018 2505 1173 2538 suscepisse
1191 2507 1326 2538 papatum
1345 2505 1395 2530 cosi
1414 2506 1478 2530 BD
1498 2518 1506 2523 -
1527 2507 1627 2530 contra
1640 2505 1685 2528 Ρ-
1698 2506 1770 2529 esset
1784 2505 1822 2529 sit
1834 2506 1862 2528 et
1874 2505 1904 2530 P

59 2556 93 2561 —
114 2549 153 2576 17.
173 2543 287 2570 feritate
305 2545 332 2569 B
350 2557 383 2563 —
405 2551 443 2578 19.
464 2546 649 2578 pedetentim]
670 2546 796 2579 peditum
817 2548 846 2571 D
866 2561 898 2564 —
918 2553 959 2572 πο.
978 2554 1119 2579 quae....
1138 2545 1229 2580 erant]
1243 2554 1368 2579 quaeque
1381 2547 1539 2571 intimiora
1556 2548 1626 2573 Ρ-
1640 2553 1680 2571 21.
1701 2547 1754 2570 sibi
1777 2548 1806 2570 in
1819 2546 1877 2573 ΡΟ
1889 2559 1899 2564 -

58 2591 204 2610 occursum
221 2585 345 2611 Romani
363 2593 399 2612 ex
416 2587 477 2612 PC
493 2600 527 2606 —
545 2594 586 2620 23.
606 2590 634 2613 et
651 2595 700 2613 om.
719 2587 785 2612 BD
804 2601 836 2606 —
857 2593 898 2618 ²5·
919 2596 947 2613 se
965 2596 1015 2614 om.
1034 2588 1060 2612 Ρ
1077 2602 1106 2606 -
1122 2588 1163 2613 ²6.
1178 2588 1306 2614 hostibus
1319 2596 1367 2614 om.
1382 2589 1410 2613 Ρ
1421 2603 1452 2607 -
1467 2594 1508 2620 27.
1523 2586 1676 2622 offendens]
1689 2588 1822 2613 accedens
1836 2588 1901 2613 BD

58 2641 91 2646 —
112 2627 153 2652 ²8.
171 2634 260 2659 aquae
278 2629 378 2653 ductus
397 2629 467 2653 1²-
487 2636 528 2662 3²-
548 2630 695 2663 portisque
714 2630 747 2655 de
766 2631 833 2655 P-
847 2638 889 2663 34.
909 2631 1032 2656 accurrit
1050 2639 1098 2656 om.
1117 2631 1176 2656 PC
1193 2645 1225 2650 —
1244 2636 1332 2664 34-35.
1353 2632 1549 2656 intromittens
1567 2638 1616 2655 om.
1630 2630 1693 2655 BD
1705 2644 1714 2648 -
1726 2629 1900 2664 percurrens]

60 2669 221 2702 percutiens
239 2670 266 2694 B
905 2679 908 2682 >

145 2766 154 2783 ¹
174 2767 261 2793 Wmo
275 2768 494 2795 annnmsnsrs
506 2770 677 2802 Episcopus,
693 2772 737 2795 De
750 2771 873 2796 scismate
889 2772 951 2796 Hi!—
1003 2769 1165 2805 ἐπόρθησεν
1183 2770 1272 2805 ἀυτήν
1291 2772 1378 2804 (essia
1405 2772 1425 2796 il
1453 2778 1486 2804 29
1512 2772 1624 2803 maggio
1650 2771 1694 2795 del
1722 2770 1798 2803 1084,
1823 2769 1900 2803 ece).

47 2809 187 2835 ‘debrandi
204 2811 284 2841 (ediz.
304 2810 480 2844 ΒῦΜκι-κκ),
501 2813 530 2836 in
551 2813 591 2837 M.
618 2813 647 2837 G.
670 2814 715 2843 H..
735 2813 839 2838 Libellr'
856 2814 889 2838 de
901 2814 950 2839 lite
1000 2814 1053 2839 che
1071 2816 1180 2840 trovasi
1202 2816 1232 2839 in
1252 2822 1290 2840 un
1310 2815 1408 2839 codice
1434 2814 1541 2838 dell'XI
1567 2813 1672 2843 secolo,
1697 2815 1901 2846 appartenente

0 2866 2 2870 =
57 2851 252 2884 Imperatorum
270 2856 298 2877 et
316 2854 474 2887 Pontificum
493 2855 607 2880 saeculis
626 2856 711 2880 Xlet
723 2857 793 2881 XII
798 2857 949 2888 conscripti,
1003 2856 1031 2880 al
1056 2858 1220 2882 monastero
1245 2857 1389 2881 basiliano
1415 2857 1442 2880 di
1471 2855 1683 2879 Grottaserrata
1703 2854 1783 2886 (nota
1803 2855 1852 2879 che
1871 2855 1902 2879 fu

57 2892 78 2922 1·
98 2898 160 2926 ⁵49·
1003 2897 1167 2930 pubblieata
1177 2898 1225 2923 dal
1239 2898 1461 2925 Monrmucou,
1475 2897 1557 2921 Βίαν.
1572 2897 1640 2927 ital„
1655 2903 1716 2929 33¹·
1729 2904 1744 2921 e
1759 2896 1901 2922 ricordnta

144 2934 156 2952 ²
174 2936 263 2962 ΡΜἪ-
282 2937 420 2969 ΒῐΛσοΝι,
438 2937 487 2967 111,
511 2945 552 2971 53.
1002 2939 1050 2965 dal
1065 2940 1211 2966 qumms
1225 2941 1300 2965 nella
1320 2948 1370 2965 sua
1389 2940 1461 2964 ediz.
1476 2939 1520 2963 del
1536 2946 1636 2971 poema
1651 2939 1681 2963 dl
1695 2938 1728 2963 G.
1744 2939 1774 2963 dl
1788 2938 1900 2971 Pugna,

143 2976 210 3003 ³Da
223 2981 322 3011 questa
336 2982 420 3005 nota:
434 2978 536 3012 Ἔτους
550 2979 640 3014 ,cv-5¹
651 2980 701 3008 ινδ.
716 2980 741 3013 ζ’
754 2980 849 3008 Μαῖον
862 2981 950 3016 μηνὸς
1002 2983 1033 3007 ln
1054 2983 1095 3008 M.
1120 2984 1150 3008 G.
1173 2984 1208 3007 II.
1229 2984 1290 3011 88η
1310 2982 1357 3013 ΙΧ,
1378 2982 1436 3014 289,
1459 2990 1485 3006 n.
1504 2980 1559 3013 30),
1580 2982 1723 3013 possiamo
1751 2989 1901 3006 conoscere

54 3018 111 3047 ufl'.
130 3017 223 3053 ἡμέρᾳ
242 3018 276 3053 γ’·
296 3018 358 3054 ὥρα
376 3019 400 3054 γ’
421 3019 507 3055 ἐσέβη
527 3020 544 3047 ὁ
563 3020 630 3053 δσὺξ
649 3021 688 3054 εῑς
706 3022 757 3056 τὴν
775 3021 890 3058 Ῥώμην
902 3022 950 3050 καὶ
1002 3024 1110 3058 l’epoca
1130 3026 1239 3059 preclsa
1258 3024 1438 3049 dell’entrnta
1458 3024 1502 3048 del
1523 3023 1682 3048 Gulscardo
1702 3031 1717 3048 a
1737 3023 1837 3049 Roma.

1972 746 1996 771 C,
2011 748 2060 770 3621

1969 800 1999 823 D.
2015 805 2055 825 ιη
2065 806 2072 819 r

1945 2134 2020 2158 Mum,
2041 2136 2079 2159 588

1931 2991 1964 3009 20
