2320 3424
106 231 157 268 [Α.
177 230 269 267 ιοοι]
474 226 545 263 DE
572 226 742 264 REBUS
771 226 948 264 GESTIS
975 226 1194 264 ROGERII
1221 226 1433 264 COMITIS
1461 226 1574 263 ETC.
1894 225 1943 262 33

106 348 182 382 fieri
203 355 239 382 et
260 355 430 382 mortuam
453 359 591 395 quoque
612 351 709 391 flere,
732 361 835 394 quam
858 361 956 384 soror
979 350 1064 395 legis
1086 361 1168 384 suae
1190 351 1461 394 praevaricatrix
1483 351 1582 384 fieret
1605 356 1639 384 et
1662 350 1705 383 ab
1735 349 1851 393 aliquo
1867 349 1946 394 lege

105 411 167 435 sua
189 412 259 435 non
283 408 447 435 contento
469 408 693 446 stupraretur.

191 507 272 541 XII.
297 527 338 532 —
363 508 473 542 Porro
496 510 745 551 Panormitani,
767 511 854 544 urbe
877 510 1062 544 Messanae
1085 517 1197 554 capta,
1221 522 1257 544 se
1282 512 1419 544 delusos
1435 512 1478 545 ab
1500 511 1656 545 hostibus
1679 515 1940 555 cognoscentes,

14 602 19 606 ν
103 561 265 594 timentes
286 572 331 594 ne
355 562 449 596 forte
472 569 545 596 tum
568 574 663 597 mare
686 564 873 604 turbatum,
896 565 925 597 si
953 564 1026 598 illic
1058 564 1184 598 diutius
1213 572 1436 607 morarentur,
1468 575 1528 598 eos
1558 565 1603 598 ad
1633 572 1760 598 terram
1793 569 1946 608 cogeret,

10 623 20 647 3
63 613 83 646 5
106 620 143 648 et
165 614 208 647 ab
230 615 388 648 hostibus
411 616 702 659 opprimerentur,
725 617 874 657 confusi,
898 618 987 657 vela,
1011 618 1105 650 unde
1128 616 1312 660 ve'nerant,
1336 618 1546 651 direxerunt.
1593 618 1705 661 Ipsius
1734 628 1818 651 vero
1847 617 1942 650 urbis

8 667 24 671 ’
106 673 231 711 captae
255 668 372 701 claves
395 679 512 702 comes
535 670 710 714 Rogerius
732 670 778 703 ad
802 671 927 704 ducem
950 670 1145 710 transmisit,
1169 672 1338 704 mandans
1361 671 1393 703 ei
1415 677 1584 715 quatenus
1606 682 1726 704 secure
1750 670 1946 715 navigando

104 721 277 754 acceleret
300 721 345 754 ad
369 733 415 755 se.
463 723 605 767 Sicque,
628 724 713 756 mari
735 723 893 757 hostibus
914 730 1072 768 purgato,
1095 724 1226 766 patenti
1251 723 1381 767 absque
1404 724 1559 767 periculo
1583 726 1737 765 transitu,
1761 725 1842 766 dux,
1867 735 1944 758 cum

103 774 196 807 omni
219 775 375 808 exercitu
398 776 538 819 placido
562 787 667 810 cursu
689 782 914 817 transmeans,
939 776 1135 810 Messanam
1158 778 1272 810 venit:
1297 778 1509 820 fratremque
1531 789 1650 811 sanum
1667 778 1858 818 inveniens,
1875 789 1946 812 non

108 827 285 860 minimum
309 829 490 872 congavisi
513 836 602 863 sunt.

9 932 82 977 510
192 934 290 967 XIII.
315 953 357 958 ——
380 935 499 969 Rebus
521 937 639 980 itaque
661 936 731 969 suis
753 946 816 979 per
840 942 921 969 octo
945 936 1021 970 dies
1044 937 1221 979 sapienter
1243 936 1420 979 dispositis
1443 943 1477 970 et
1500 937 1586 970 urbe
1608 948 1672 980 pro
1696 938 1785 971 velle
1809 949 1872 972 suo
1888 939 1947 971 fir-

15 980 33 990 ”
103 992 206 1027 mata,
230 987 431 1021 custodibus
453 989 612 1028 dimissis,
635 989 787 1033 equestri
810 990 968 1022 exercitu
991 995 1027 1022 et
1048 989 1195 1022 navibus
1218 991 1312 1032 apud
1334 991 1529 1023 Messanam
1552 991 1694 1030 relictis,
1724 1002 1842 1025 versus
1874 992 1947 1025 Ra-

103 1046 250 1074 mectam
275 1042 413 1084 utrique
435 1041 561 1075 fratres
584 1042 778 1076 intendunt.
823 1043 1072 1076 Ramectentes
1096 1048 1221 1081 autem,
1245 1043 1446 1086 jamdudum
1471 1044 1614 1088 cognito
1636 1045 1674 1077 in
1706 1056 1814 1088 parva
1844 1057 1946 1079 manu

103 1094 252 1127 hostium
275 1094 476 1128 eorumdem
498 1096 682 1128 maximam
703 1095 957 1129 multitudinem
980 1095 1257 1129 Messanensium
1280 1096 1486 1130 bellatorum
1510 1098 1726 1138 occubuisse,
1742 1110 1787 1133 ne
1804 1099 1887 1143 quid
1903 1100 1948 1132 si-

102 1147 185 1180 mile
207 1146 272 1180 sibi
295 1148 443 1187 accidat,
468 1148 731 1183 advenientibus
754 1149 912 1182 hostibus
937 1148 1075 1182 obviam
1098 1149 1222 1188 territi,
1246 1149 1390 1193 legatos,
1412 1150 1471 1194 qui
1498 1161 1622 1193 pacem
1652 1152 1838 1194 postulent,
1869 1154 1947 1186 mit-

11 1200 80 1245 315
105 1205 193 1241 tunt,
214 1201 404 1244 urbemque
426 1208 462 1235 et
484 1202 615 1244 seipsos
637 1202 759 1236 ditioni
782 1202 959 1242 dedentes,
983 1202 1079 1235 libris
1100 1203 1354 1245 superstitionis
1376 1203 1464 1247 legis
1479 1214 1562 1237 suae
1578 1215 1694 1238 coram
1710 1207 1840 1248 positis,
1855 1207 1948 1251 jura-

105 1259 222 1286 mento
246 1253 447 1288 fidelitatem
480 1255 626 1288 firmant.

192 1361 290 1395 XIV.
313 1379 355 1385 -
377 1362 464 1396 Inde
488 1363 532 1396 de
555 1373 723 1406 prospero
748 1369 875 1396 eventu
899 1373 977 1396 cum
999 1363 1146 1396 maxima
1169 1363 1302 1397 laetitia
1322 1365 1529 1398 recedentes
1553 1372 1598 1404 et,
1626 1365 1804 1399 debilitate
1835 1367 1946 1410 gentis

103 1415 254 1458 cognita,
278 1416 482 1449 audaciores
504 1416 568 1449 sub
591 1416 826 1459 Scabatripoli
849 1416 1040 1460 hospitium
1063 1423 1210 1450 sumunt.
1258 1418 1345 1451 Inde
1369 1418 1406 1450 in
1422 1419 1607 1451 crastinum
1623 1420 1669 1452 ad
1685 1419 1853 1453 Fraxinos
1869 1431 1948 1462 per-

103 1467 256 1508 veniunt,
279 1473 315 1501 et
336 1479 357 1500 a
380 1467 562 1501 Fraxinis²
588 1469 632 1501 ad
654 1468 810 1502 Maniaci
823 1475 971 1512 pratum.
1017 1469 1086 1502 Hic
1109 1469 1312 1508 Christiani,
1333 1470 1370 1502 in
1387 1471 1477 1503 valle
1493 1471 1661 1504 Deminae
1678 1478 1867 1511 manentes,
1885 1472 1947 1504 sub

7 1512 83 1563 ξ20
107 1519 310 1554 sarracenis
331 1521 501 1554 tributarii
524 1527 623 1554 erant
634 1521 656 1555 ³.
701 1521 755 1554 De
777 1521 1056 1555 'Christianorum
1086 1523 1239 1555 adventu
1260 1523 1381 1567 gavisi,
1405 1523 1471 1556 illis
1501 1529 1736 1563 occurrerunt,
1767 1525 1942 1567 multaque

107 1574 229 1607 exenia
253 1580 287 1607 et
310 1574 454 1607 donaria
476 1575 690 1608 obtulerunt:
714 1575 806 1608 hanc
828 1575 1084 1609 excusationem
1109 1581 1230 1609 contra
1261 1577 1469 1610 Sarracenos
1491 1583 1712 1617 assumentes,
1743 1579 1848 1621 quod,
1879 1589 1948 1611 non

105 1637 210 1660 causa
233 1628 368 1667 amoris,
391 1628 455 1661 sed
477 1634 515 1661 ut
536 1629 670 1671 seipsos
692 1635 727 1662 et
749 1639 837 1672 quae
862 1640 923 1662 sua
949 1635 1047 1662 erant
1063 1635 1250 1669 tuerentur,
1267 1630 1334 1662 hoc
1354 1630 1520 1669 facerent,
1537 1630 1738 1664 fidelitatem
1754 1641 1837 1664 vero
1854 1642 1948 1664 suam

104 1679 174 1713 illis
193 1680 429 1714 inviolabilem
444 1690 482 1714 se
504 1688 708 1715 servaturos.
745 1683 886 1716 Fratres
906 1694 990 1716 vero
1012 1683 1162 1726 utrique,
1186 1682 1260 1716 eos'
1285 1694 1364 1715 cum
1389 1684 1537 1717 maxima
1552 1684 1739 1717 dulcedine
1755 1685 1944 1727 suscipien-

27 1773 31 1778 „
104 1739 168 1773 tes,
189 1733 299 1767 multa
319 1732 492 1767 beneficia
514 1745 550 1768 se
575 1735 642 1767 illis
666 1735 863 1775 collaturos,
886 1736 915 1769 si
937 1741 1032 1769 terra
1057 1736 1123 1769 sibi
1153 1747 1174 1769 a
1204 1736 1281 1769 Deo
1313 1737 1536 1776 concedatur,
1568 1738 1779 1780 promittunt.
1827 1738 1886 1771 Sic
1914 1738 1951 1771 in

62 1785 80 1820 5
103 1797 190 1831 pace
214 1787 372 1827 dimissis,
395 1788 463 1832 ipsi
487 1788 715 1822 Centurbium
728 1789 740 1807 ³
763 1800 872 1834 usque
895 1791 1117 1833 pertendunt.

194 1895 274 1929 XV.
299 1913 341 1919 —
365 1895 438 1930 Sed
460 1894 739 1937 Centurbienses,
762 1898 918 1941 quamvis
939 1899 1177 1932 strenuitatem
1201 1899 1351 1941 ipsorum
1375 1909 1446 1932 non
1475 1900 1687 1943 ignorarent,
1718 1900 1804 1933 mori
1835 1905 1951 1933 tamen

103 1959 173 1982 non
196 1948 430 1989 abhorrentes,
455 1960 535 1983 cum
557 1949 653 1983 nullo
677 1951 781 1984 modo
803 1952 933 1984 servire
957 1952 1087 1991 volunt,
1111 1953 1148 1984 in
1171 1952 1376 1986 defensione
1403 1953 1500 1986 urbis
1532 1959 1567 1986 et
1597 1964 1659 1986 sua
1688 1954 1951 1997 propugnacula

107 2008 248 2036 armant.
294 2003 414 2036 Nostri
435 2013 518 2036 vero
542 2003 678 2037 fortiter
703 2010 944 2050 oppugnantes
968 2005 1155 2045 civitatem,
1179 2016 1258 2038 cum
1282 2006 1443 2039 viderent
1465 2017 1544 2039 suos
1567 2018 1588 2039 a
1610 2006 1858 2040 fundibulariis
1882 2014 1917 2040 et
1932 2018 1953 2039 a

105 2055 290 2099 sagittariis
312 2056 430 2089 vexari
452 2062 488 2089 et
508 2057 582 2089 sine
606 2057 815 2103 detrimento
838 2068 977 2091 suorum
999 2069 1119 2092 versus
1142 2059 1266 2092 urbem
1288 2059 1338 2091 nil
1361 2070 1397 2092 se
1421 2070 1522 2102 posse
1553 2060 1735 2102 proficere,
1766 2060 1809 2092 ab
1838 2070 1947 2102 oppu-

34 2121 38 2154 ’Κ
64 2108 87 2141 0
109 2108 272 2152 guntione
294 2109 471 2150 desistunt,
494 2110 643 2143 maxime
667 2110 750 2154 quia
771 2112 809 2144 in
831 2112 988 2154 proximo
1012 2111 1077 2144 sibi
1100 2123 1122 2145 a
1151 2112 1353 2146 Sarracenis
1381 2113 1510 2146 bellum
1541 2113 1720 2146 imminere
1749 2113 1952 2146 audiebant:

35 2157 38 2163 ’
108 2168 232 2196 contra
254 2173 340 2207 quos
362 2172 452 2202 suos,
476 2174 520 2196 ne
543 2169 753 2197 vexarentur
775 2165 832 2197 vel
855 2175 997 2198 numero
1021 2165 1308 2206 diminuerentur,
1331 2166 1566 2200 reservabant.

202 2281 225 2300 1.
244 2281 355 2307 quoque
371 2282 421 2300 om.
441 2276 501 2300 PC
518 2288 551 2294 -—
571 2283 595 2308 3.
614 2276 760 2302 Messanae
778 2285 826 2302 om.
846 2278 907 2302 PC
925 2290 957 2295 —
977 2281 1001 2309 5.
1020 2277 1152 2311 dirigunt
1169 2278 1196 2302 B
1215 2292 1246 2296 —
1268 2284 1291 2311 7.
1311 2279 1422 2311 patenti
1439 2286 1488 2303 om.
1507 2279 1572 2303 BD
1591 2292 1623 2297 —
1638 2278 1662 2303 8.
1676 2277 1787 2311 sanum]
1801 2286 1880 2303 suum
1894 2278 1957 2302 BD

112 2329 145 2334 —
164 2324 189 2350 9.
208 2318 324 2349 gavisus
341 2318 384 2342 est
404 2317 467 2342 BD
485 2330 518 2336 —
541 2324 580 2343 10.
598 2319 742 2351 sapienter
759 2326 808 2344 om.
829 2318 854 2343 C
870 2333 903 2338 —
925 2327 965 2345 11.
983 2320 1092 2345 custod.
1112 2320 1234 2345 diversis
1252 2321 1281 2346 P
1295 2333 1308 2339 -
1326 2322 1354 2345 et
1373 2321 1494 2346 navibus
1512 2328 1561 2345 om.
1580 2321 1607 2345 P
1622 2334 1631 2339 —
1652 2321 1751 2346 relicto
1770 2321 1797 2345 P
1810 2334 1843 2339 —
1867 2327 1955 2345 11-12.

111 2357 259 2384 Rametam
277 2359 313 2389 1²3
332 2359 475 2384 Rimetam
495 2360 519 2386 C
535 2373 569 2379 -—
591 2367 630 2385 12.
649 2361 788 2386 incedunt
804 2361 869 2387 BD
886 2375 897 2380 -
915 2361 1090 2396 Jamdudum]
1111 2362 1216 2387 dudum
1235 2362 1261 2386 Ρ
1275 2375 1309 2381 —-
1331 2368 1370 2394 15.
1391 2362 1490 2387 dantes
1515 2363 1540 2387 P
1561 2375 1571 2381 -
1596 2363 1668 2396 legis
1692 2371 1740 2387 om.
1765 2362 1829 2387 BD
1854 2375 1886 2381 —
1913 2361 1955 2387 16.

29 2422 35 2436 Ξ
112 2399 260 2426 fidelitatis
283 2401 311 2426 P
330 2413 364 2420 -
385 2400 425 2426 18.
443 2401 582 2435 Scalstipl
601 2403 666 2429 BD
684 2415 718 2422 —
745 2410 784 2437 19.
810 2406 999 2437 pervenerunt
1024 2406 1052 2429 et
1072 2405 1105 2429 de
1123 2405 1150 2428 B
1167 2417 1179 2423 -
1197 2404 1343 2430 Maniaehi
1363 2405 1390 2429 B
1408 2418 1416 2423 -
1436 2405 1558 2430 Demina
1576 2406 1604 2430 P
1620 2419 1653 2423 —
1673 2412 1716 2430 20.
1734 2404 1955 2430 Sarracenorum

67 2448 82 2475 5
113 2442 221 2468 tributo
239 2444 270 2468 D
288 2456 321 2462 -
341 2449 384 2468 21.
403 2444 536 2470 denarios
554 2445 580 2469 B
589 2446 619 2471 D
637 2458 646 2464 ·
665 2445 718 2470 hoc
730 2447 926 2471 excusatIonls
937 2447 964 2470 B
976 2460 1010 2464 —
1023 2453 1065 2479 23·
1078 2446 1278 2472 inviolabilem
1291 2447 1474 2472 observantes
1485 2447 1512 2471 B
1521 2448 1551 2472 D
1564 2460 1574 2465 -
1587 2447 1686 2479 utique
1699 2447 1744 2471 P·
1757 2454 1819 2471 cum
1833 2447 1955 2471 maxima

111 2484 147 2509 da
164 2485 215 2517 qod
229 2485 349 2518 anglia,
369 2493 384 2510 e
397 2488 448 2518 per
464 2494 503 2511 un
521 2486 615 2512 ultim
632 2487 707 2512 breve
724 2490 818 2517 trano,
835 2487 860 2513 il
877 2489 931 2513 cod.
949 2489 974 2513 Α
994 2501 1028 2507 —
1047 2495 1088 2521 ²4·
1102 2489 1157 2514 sibi
1171 2497 1219 2515 om.
1232 2490 1301 2514 P-
1322 2494 1362 2521 25.
1383 2488 1570 2514 Centurbium
1590 2490 1761 2522 perveniunt
1778 2489 1842 2514 BD
1860 2502 1893 2507 —
1912 2487 1954 2513 26.

114 2527 312 2553 strenuitatem
331 2527 469 2562 ipsorum]
486 2529 680 2555 siticen-itatem
697 2530 815 2555 illorum
834 2531 911 2561 BD;
931 2538 1028 2556 eorum
1046 2531 1073 2555 Ρ
1089 2544 1097 2549 -
1117 2533 1211 2556 tamen
1230 2539 1279 2558 om.
1298 2532 1325 2556 P
1340 2545 1372 2549 —
1393 2531 1434 2556 28.
1455 2531 1633 2556 fundabat-iis
1652 2532 1714 2555 BD
1728 2545 1760 2549 —
1774 2538 1815 2564 ²9-
1829 2528 1954 2564 suorum]

114 2568 173 2594 ΡΑ
185 2568 209 2594 C
225 2582 236 2588 -
255 2570 361 2595 civium
381 2571 446 2596 BD
465 2584 497 2589 -—
519 2578 560 2604 30.
578 2571 657 2605 quia]
675 2579 738 2597 cum
756 2573 783 2597 P
797 2586 808 2591 -
827 2573 882 2597 sibl
902 2580 918 2597 a
937 2572 1100 2598 Sarracenis
1118 2581 1168 2598 om.
1185 2573 1250 2598 BD

39 2691 45 2700 ι
199 2666 207 2684 ¹
227 2667 319 2702 Tripi,
338 2669 366 2694 ls.
383 2669 512 2695 B-r-bus
524 2671 554 2695 di
567 2670 672 2702 Edrisi,
685 2678 699 2696 e
713 2670 869 2703 Frszzsno,
882 2673 1005 2697 entmn-
1061 2679 1093 2697 ca
1113 2672 1143 2696 di
1163 2679 1231 2705 pace
1249 2679 1265 2697 e
1284 2671 1422 2698 l’attivita
1442 2673 1568 2706 agricola
1587 2680 1602 2696 e
1620 2672 1647 2696 le
1665 2672 1802 2696 relazioni
1824 2678 1958 2696 commer-

52 2706 88 2733 10
109 2708 188 2735 bein
207 2717 286 2744 prov.
306 2711 334 2736 dl
355 2711 494 2737 Palermo.
531 2713 643 2743 Ennsr,
662 2712 776 2738 L’ttaua
794 2713 930 2743 deserina,
949 2714 1006 2743 elt.,
1061 2714 1128 2739 ciali
1148 2721 1203 2739 con
1223 2714 1251 2739 la
1270 2715 1435 2740 terraferma
1454 2716 1597 2747 potevano
1617 2714 1670 2738 ben
1690 2715 1856 2747 permettere
1874 2721 1891 2738 a
1910 2721 1956 2738 co-

111 2758 138 2784 p.
151 2750 195 2783 61,
213 2752 364 2779 c’informs
383 2754 442 2785 che,
462 2755 488 2779 ai
507 2756 595 2787 tempi
613 2755 688 2784 suoi,
706 2762 824 2780 corr-eva
836 2762 894 2780 una
913 2756 1008 2781 strada
1062 2756 1135 2781 desti
1154 2757 1285 2782 cristiani
1307 2757 1450 2782 dell'isola
1468 2757 1497 2781 di
1518 2756 1619 2787 offrire,
1635 2756 1681 2780 nel
1698 2755 1774 2787 1061,
1789 2755 1802 2769 α
1813 2755 1957 2788 multaque

112 2793 148 2819 ds.
165 2792 296 2820 Rametta
315 2803 331 2820 a
349 2794 442 2828 Tripi,
461 2803 511 2828 per
529 2796 722 2828 Monteforte3
740 2805 755 2822 e
775 2797 810 2822 da
834 2797 919 2831 Tripi
945 2805 1008 2830 pro·
1064 2797 1191 2823 “exenia
1211 2800 1239 2823 et
1258 2799 1401 2831 donaria„
1422 2799 1450 2824 al
1470 2800 1552 2823 conte
1565 2797 1718 2830 Ruggiero,
1734 2797 1783 2821 che
1802 2797 1827 2821 si
1846 2804 1957 2831 appres-

115 2837 231 2869 sessuin
248 2836 307 2862 fino
326 2845 341 2863 s
360 2837 468 2867 Galati,
487 2840 562 2863 terra
582 2840 665 2871 posta
684 2846 701 2864 a
719 2839 805 2864 breve
823 2840 954 2865 distanza
974 2841 1010 2865 da
1065 2848 1132 2865 sava
1152 2840 1337 2866 minaccioso.

114 2877 269 2904 nazzano.
1152 2880 1164 2898 ⁸
1183 2873 1204 2907 1⁸3
1225 2882 1389 2915 Centuripe‚
1410 2882 1484 2906 nella
1504 2882 1654 2914 provincia
1674 2881 1704 2906 di
1723 2880 1855 2911 Catanla,
1868 2883 1958 2915 lungo

56 2922 88 2950 ²5
202 2917 214 2935 ¹
231 2919 361 2946 Secondo
380 2921 515 2953 luxum,
537 2925 576 2954 op.
595 2923 650 2953 cm,
668 2922 703 2952 ΙΙ,
722 2927 784 2956 397,
798 2931 812 2947 e
830 2923 878 2952 111,
899 2929 930 2956 23
951 2931 1011 2957 sgg.
1065 2924 1092 2949 ls
1112 2924 1187 2950 valle
1207 2925 1252 2950 del
1271 2924 1390 2949 Slmeto.
1426 2924 1509 2948 Nella
1532 2923 1609 2948 Corte
1630 2925 1761 2956 camparte
1773 2931 1822 2950 ccc.
1836 2925 1894 2955 cit„
1913 2925 1958 2949 del

56 2989 57 2992 Ἴ
114 2967 186 2986 sono
201 2961 336 2987 “dsimmi
345 2981 370 2995 m
383 2964 461 2988 ossia
474 2965 558 2996 gente
571 2965 736 2996 sottoposts
749 2972 766 2989 a
779 2965 889 2990 tributo
902 2973 917 2991 e
930 2973 1011 2997 senaa
1066 2967 1194 2993 Dusoun
1213 2975 1227 2992 e
1247 2968 1421 2993 dell’Amam
1440 2966 1455 2991 ὲ
1474 2969 1590 2999 segnata
1609 2966 1745 2992 Centorbi
1766 2967 1863 3000 (arabo
1882 2967 1959 2992 Scen-

54 3006 65 3046 ἑἱ
115 3003 215 3029 alcuna
234 3004 409 3038 personalita
422 3006 574 3038 gluridica.
611 3005 759 3032 Senonche
773 3007 783 3032 i
799 3005 947 3033 vent’anni
962 3009 1014 3033 clr—
1065 3009 1148 3042 turb).

248 3119 506 3155 T.V,p.x—3.

2010 520 2041 544 D,
2057 525 2096 540 ιιι
2104 526 2116 540 ν

2020 1535 2044 1560 C,
2060 1541 2106 1561 1511

2018 1697 2048 1720 A,
2064 1702 2110 1720 15r

1986 2763 2019 2782 20

1988 2975 2018 3002 25
