2314 3418
201 2141 277 2165 Mun„
291 2141 332 2165 604

341 2952 372 2970 10

409 247 421 280 1
435 245 479 281 16
1095 241 1352 278 ANNALES
1379 242 1550 278 SICULI
1937 248 2022 284 [ΛΑ.
2042 247 2238 283 uio-1219]

400 372 588 409 coeperunt
611 365 785 398 civitatem
808 365 1007 401 Messanaez
1033 369 1067 396 et
1082 363 1236 396 secundo
1252 373 1342 396 anno
1359 363 1531 396 commisit
1546 363 1684 396 bellum.
1728 364 1826 398 Idem
1841 365 2048 398 Maniachus
2063 366 2241 409 ignoratur

399 430 476 453 cum
501 419 625 462 quibus
648 419 795 460 adeptus
820 423 871 449 est
894 416 1085 449 victoriam.

486 472 589 504 Anno
612 471 748 504 Domini
774 469 890 508 MLX,
914 470 1081 503 kalendas
1106 469 1252 513 augusti,
1275 475 1397 512 captus
1420 469 1486 502 fuit
1509 470 1732 503 Innocentius
1755 481 1846 513 papa
1868 482 1889 504 a
1911 471 2051 505 domino
2067 481 2150 514 rege
2167 471 2241 504 Ro-

398 526 506 570 gerio,
530 535 611 568 rege
635 524 788 562 Siciliae,
813 523 847 555 in
872 523 1013 556 civitate
1030 522 1249 565 capitanata.

486 578 589 610 Anno
612 577 751 610 Domini
774 576 861 609 MCI
885 576 1085 609 indictionis
1107 586 1229 615 nonae,
1253 586 1371 608 mense
1393 575 1478 618 julii,
1501 576 1587 609 obiit
1608 577 1774 609 maximus
1797 587 1912 610 comes
1934 578 2119 622 Rogerius‚
2142 584 2243 621 pater
2287 576 2306 609 5

397 632 489 676 regis
511 630 667 674 Rogerii.

485 683 589 717 Anno
611 683 751 716 Domini
774 682 965 717 MCXVIII
991 693 1103 715 nonae
1127 682 1337 722 indictionis,
1361 682 1446 716 obiit
1468 682 1644 721 Adelasia,
1667 684 1788 727 regina
1817 684 2104 727 jerosolimitana,
2133 691 2244 718 mater

398 738 490 781 regis
514 737 670 781 Rogerii.

485 790 588 823 Anno
611 790 752 823 Domini
775 789 976 828 MCXLIX,
1001 800 1118 822 mense
1140 789 1226 834 julii,
1249 789 1374 822 Africa
1397 795 1500 832 capta
1523 789 1589 822 fuit
1612 789 1656 822 ab
1679 790 1805 823 eodem
1826 799 1910 833 rege
1932 790 2100 833 Rogerio.

485 844 588 885 Anno
602 844 739 876 Domini
753 843 917 882 MCLIV,
930 842 1015 876 obiit
1031 843 1217 887 RogeriuS,
1232 853 1294 874 rex
1307 843 1463 881 Siciliae,
1477 844 1623 875 ducatus
1638 842 1785 884 Apuliae
1797 849 1831 875 et
1842 843 2056 886 principatus
2067 843 2208 885 Capuae
2223 842 2245 877 ¹.
2271 843 2311 875 io

486 898 590 930 Anno
614 897 752 930 Domini
783 896 984 935 MCLXIV,
1006 896 1122 939 pridie
1153 907 1262 929 nonas
1286 896 1465 936 februarii,
1496 896 1662 929 subversa
1693 902 1745 929 est
1776 896 1899 929 civitas
1929 896 2194 929 Cathanensium
2224 908 2246 929 a

397 956 622 989 terraemotu;
645 950 680 982 in
705 961 772 994 qua
796 950 1019 983 subversione
1044 960 1165 983 omnes
1188 950 1350 982 monachi
1375 960 1453 983 cum
1478 950 1643 992 episcopo
1668 959 1786 982 eorum
1809 949 1967 992 oppressi
1991 950 2143 983 fuerunt.

484 1003 588 1036 Anno
611 1004 752 1037 Domini
774 1003 973 1042 MCLXVI,
998 1002 1083 1036 obiit
1105 1013 1166 1036 rex
1190 1002 1394 1036 Guillelmus
1417 1003 1559 1045 primus,
1582 1003 1672 1035 filius
1695 1003 1787 1046 regis
1810 1002 1992 1046 Rogerii'.

486 1059 591 1091 Anno
613 1057 753 1090 Domini
776 1056 1049 1095 MCLXXVIII,
1072 1057 1149 1089 idus
1172 1057 1378 1099 septembris
1402 1057 1556 1089 decimae
1580 1056 1705 1089 tertiae
1728 1056 1940 1099 indictionis,
1971 1056 2023 1089 sol
2049 1066 2168 1099 passus
2195 1063 2247 1090 est

395 1111 575 1155 eclypsim,
599 1111 716 1154 itaque
741 1110 885 1152 inffiora
909 1120 1000 1142 nona
1021 1109 1143 1142 stellae
1167 1116 1413 1152 apparuerunt.
2271 1108 2310 1142 15

482 1163 586 1198 Anno
609 1164 748 1197 Domini
771 1162 990 1203 MCLXXII,
1013 1163 1136 1207 regina
1159 1162 1369 1207 M'argarita,
1393 1169 1505 1195 mater
1528 1163 1620 1207 regis
1643 1162 1821 1196 Guillelmi
1837 1163 1991 1203 secundi,
2009 1163 2124 1207 coepit
2137 1162 2248 1196 fabri-

397 1229 488 1258 care,
511 1218 698 1251 aedificare
723 1223 758 1250 et
781 1218 902 1250 dotare
926 1217 1171 1249 monasterium
1197 1216 1509 1249 Maniachensium.

482 1271 585 1304 Anno
608 1270 747 1303 Domini
768 1268 1056 1307 MCLXXXVII,
1080 1279 1196 1303 mense
1219 1269 1316 1314 junii,
1339 1269 1458 1313 vigilia
1481 1268 1723 1303 Praecursoris
1746 1269 1894 1310 Domini,
1918 1275 2020 1312 capta
2035 1275 2089 1303 est
2109 1269 2248 1313 Jerusa-

396 1325 464 1358 lem
486 1336 508 1357 a
531 1324 709 1362 Saladino,
732 1323 879 1356 soldano
902 1322 1128 1355 Babilloniae.
1147 1358 1149 1361 ,

484 1378 589 1411 Anno
611 1377 751 1410 Domini
773 1375 1044 1415 MCLXXXIX,
1067 1376 1258 1409 indictione
1281 1376 1439 1419 septima,
1457 1377 1542 1409 obiit
1564 1388 1625 1409 rex
1641 1376 1846 1409 Guillelmus
1861 1377 2036 1409 secundus
2048 1375 2072 1408 ⁸.
2110 1375 2246 1409 Eodem
2269 1377 2312 1409 20

396 1442 499 1472 anno,
521 1432 644 1464 eadem
667 1430 870 1467 indictione,
892 1439 1012 1461 mense
1035 1429 1160 1469 martii,
1184 1440 1246 1462 rex
1268 1429 1474 1462 Tancredus
1499 1429 1566 1462 fuit
1582 1435 1766 1463 coronatus
1783 1440 1845 1462 rex
1861 1429 2014 1468 Siciliae,
2032 1434 2068 1462 et
2084 1434 2247 1472 receptus

398 1486 434 1518 in
456 1484 585 1528 palatio
609 1484 786 1517 Panormi.

486 1538 591 1571 Anno
613 1537 755 1570 Domini
777 1535 977 1575 MCXCIV,
1000 1536 1168 1580 vigesimo
1193 1537 1249 1569 die
1272 1535 1449 1574 februarii,
1473 1537 1558 1569 obiit
1581 1536 1695 1569 dictus
1717 1547 1782 1569 rex
1805 1536 2011 1569 Tancredus
2021 1535 2045 1570 ⁴.

487 1591 593 1625 Anno
616 1591 757 1624 Domini
780 1590 963 1630 MCXCV,
987 1591 1147 1623 dominus
1169 1590 1341 1622 Henricus
1367 1590 1558 1632 imperator
1581 1596 1743 1633 receptus
1774 1596 1828 1623 est
1856 1590 1894 1622 in
1920 1589 2049 1633 palatio
2073 1588 2248 1628 Panormi,

394 1647 515 1679 ultimo
538 1645 666 1678 mensis
688 1644 898 1677 novembris.
945 1645 985 1676 In
1008 1649 1130 1687 quarto
1153 1644 1210 1675 die
1233 1649 1311 1686 post
1334 1645 1462 1676 festum
1485 1643 1675 1676 nativitatis
1697 1644 1848 1683 Domini,
1872 1643 1988 1686 coepit
2010 1653 2128 1688 regem
2151 1642 2249 1676 Guil-
2271 1641 2314 1675 25

398 1700 548 1737 lelmum,
571 1699 676 1731 filium
699 1697 792 1741 regis
815 1697 1005 1735 Tancredi‚
1029 1697 1254 1740 quantitatem
1272 1697 1436 1730 comitum
1452 1703 1488 1730 et
1504 1697 1672 1729 baronum
1688 1698 1785 1730 istius
1800 1697 1898 1742 regni
1915 1703 1950 1730 et
1972 1696 2163 1730 devastavit
2177 1706 2249 1729 eos·

487 1753 589 1786 Anno
612 1752 751 1785 Domini
776 1750 994 1790 MCXCVII,
1019 1752 1107 1783 obiit
1130 1751 1289 1783 dominus
1313 1751 1485 1784 Henricus
1507 1752 1708 1794 imperator.

488 1807 592 1840 Anno
616 1805 754 1839 Domini
775 1804 1007 1843 MCXCVHI,
1031 1804 1241 1844 Fridericus,
1264 1804 1353 1837 filius
1377 1804 1508 1838 domini
1532 1804 1675 1837 Henrici
1700 1804 1919 1847 imperatoris
1941 1804 1986 1837 de
2011 1804 2151 1838 civitate
2181 1803 2250 1837 Pa-

394 1861 518 1900 normi,
542 1860 612 1893 fuit
633 1869 698 1892 rex
721 1858 862 1891 Siciliae
886 1865 1082 1891 coronatus.
1129 1858 1174 1890 Et
1197 1858 1232 1889 in
1255 1859 1381 1891 eodem
1405 1868 1495 1890 anno
1519 1858 1659 1890 domina
1682 1858 1895 1896 Constantia,
1919 1864 2028 1890 mater
2051 1857 2137 1897 eius,
2152 1856 2248 1890 obiit.

485 1914 589 1947 Anno
611 1912 752 1946 Domini
774 1910 939 1949 MCCIX,
963 1911 1099 1944 decimo
1131 1911 1251 1954 quinto
1280 1911 1408 1944 mensis
1437 1911 1575 1955 augusti
1606 1910 1836 1944 duodecimae
1866 1911 2078 1949 indictionis,
2107 1909 2250 1943 domina
2270 1910 2314 1942 30

398 1967 601 2002 Constantia
624 1966 668 1999 de
691 1965 871 2010 Aragonia
892 1965 1062 2007 applicuit
1085 1964 1293 1997 Panormum
1301 1977 1310 2003 3
1336 1970 1371 1997 et
1394 1964 1553 1998 dominus
1583 1975 1645 1997 rex
1675 1964 1875 1998 Fridericus
1905 1964 1941 1997 in
1974 1965 2098 1997 eodem
2129 1973 2248 1996 mense

402 2020 625 2064 desponsavit
647 2030 724 2053 eam
738 2019 761 2052 ⁶.

489 2075 594 2107 Anno
616 2073 757 2106 Domini
779 2071 961 2110 MCCXH,
986 2081 1076 2104 anno
1100 2071 1289 2104 nativitatis
1311 2072 1450 2104 Domini
1480 2072 1574 2115 regis
1602 2071 1784 2110 Fridefici,
1800 2071 1836 2104 id
1853 2077 1905 2104 est
1921 2070 2178 2114 decimaquinta
2193 2070 2247 2102 in-

397 2127 563 2166 dictione,
580 2137 671 2160 anno
693 2126 793 2170 regni
818 2126 891 2158 eius
912 2124 1109 2163 undecimo,
1131 2125 1204 2167 ipse
1219 2135 1301 2158 vero
1317 2131 1462 2158 vocatus
1472 2127 1481 2142 '
1498 2125 1566 2158 fuit
1581 2124 1625 2158 ab
1642 2126 1846 2158 Innocentio
1861 2135 1953 2168 papa
1965 2125 2070 2157 tertio
2085 2124 2131 2156 ad
2147 2132 2249 2157 coro-

396 2193 476 2215 nam
497 2180 646 2224 imperii,
670 2180 713 2213 ab
737 2189 829 2212 anno
852 2179 1039 2212 nativitatis
1061 2189 1142 2211 suae
1167 2189 1258 2211 anno
1283 2179 1419 2211 decimo
1441 2185 1550 2212 sexto.
2271 2178 2291 2210 3

483 2234 588 2268 Anno
601 2233 739 2266 Domini
756 2232 955 2271 MCCXVI,
973 2231 1237 2265 celeberrimum
1249 2233 1436 2265 concilium
1449 2232 1660 2265 celebratum
1673 2238 1724 2265 est
1736 2232 1799 2265 sub
1812 2232 2020 2265 Innocentio
2030 2242 2123 2276 papa
2133 2231 2247 2264 tertio.

486 2289 590 2321 Anno
613 2286 753 2320 Domini
775 2285 977 2325 MCCXIX,
999 2285 1192 2319 indictione
1216 2286 1373 2328 septima,
1397 2286 1517 2329 quinto
1542 2286 1598 2319 die
1622 2286 1772 2319 intrante
1794 2297 1911 2318 mense
1939 2284 2147 2323 novembris,
2176 2283 2246 2316 Da-

396 2348 523 2387 myata,
545 2340 748 2385 principalis
771 2339 891 2373 civitas
913 2338 1094 2377 Amalech,
1118 2350 1138 2371 a
1162 2339 1357 2372 christianis
1379 2339 1540 2372 fidelibus
1563 2345 1667 2382 capta
1689 2339 1767 2377 fuit,
1795 2345 1829 2372 et
1859 2338 2067 2372 christicolis
2093 2337 2246 2371 dominio

399 2395 577 2429 detinetur
590 2393 615 2427 ⁶.

490 2513 514 2538 3.
533 2504 664 2537 domino]
684 2504 762 2529 dicto
784 2505 807 2529 C
825 2516 858 2521 —
877 2511 903 2535 4.
921 2502 1094 2536 Captinatae
1118 2503 1141 2527 C
1158 2517 1190 2520 —
1211 2509 1235 2535 5.
1255 2503 1413 2528 indicionis
1432 2503 1490 2528 AB
1503 2517 1536 2522 —-
1560 2509 1598 2527 10.
1618 2502 1747 2535 ducatus]
1766 2503 1823 2527 dux
1836 2503 2062 2535 Apuliarumque
2074 2503 2207 2535 princeps
2221 2502 2248 2527 B

398 2562 433 2566 —
453 2555 494 2573 11.
512 2547 749 2573 CathanIensium
770 2546 794 2571 C
811 2559 843 2564 -
866 2552 905 2578 14.
925 2545 1018 2570 idibus
1039 2546 1063 2570 C
1075 2558 1107 2563 —
1131 2550 1170 2576 ις.
1191 2546 1285 2577 itaque
1303 2554 1352 2571 om.
1371 2546 1394 2570 Α
1412 2553 1425 2569 e
1447 2545 1471 2570 C
1488 2559 1519 2563 -
1543 2550 1581 2576 17.
1600 2545 1847 2570 Maniaehensium
1862 2546 1904 2574 Β;
1924 2545 2150 2570 Maniacenslum
2172 2544 2197 2569 C
2211 2558 2245 2563 —

400 2598 440 2623 ¹9-
465 2590 635 2615 Babiloniae
658 2589 681 2613 C
703 2602 736 2607 --
763 2595 805 2613 21.
830 2587 996 2612 Trankedus
1021 2588 1046 2611 B
1072 2601 1104 2604 —
1125 2593 1167 2619 23.
1193 2595 1242 2612 rex
1267 2595 1360 2612 manca
1385 2588 1414 2612 in
1433 2588 1456 2612 Α
1475 2601 1507 2604 —
1527 2594 1570 2620 24.
1595 2587 1745 2612 Heinricus
1771 2588 1798 2611 B
1819 2588 1870 2619 qui
1891 2595 1905 2611 e
1928 2589 2029 2619 sempr:
2053 2600 2087 2604 —
2106 2591 2150 2618 ²7·
2166 2586 2191 2610 A
2210 2586 2246 2610 lca

398 2632 574 2659 MCXCVIII
593 2645 626 2649 —
647 2630 689 2656 28.
707 2630 872 2655 Frederlcus
896 2630 921 2654 A
936 2632 1038 2662 sempr:
1055 2643 1086 2648 —
1105 2636 1149 2661 30.
1169 2629 1202 2654 In
1220 2629 1277 2654 Ac
1294 2628 1445 2655 MCC....
1466 2643 1499 2647 —
1518 2637 1562 2662 31.
1581 2629 1717 2654 Panormi
1741 2629 1764 2653 C
1780 2643 1812 2647 —
1831 2636 1875 2662 33.
1894 2629 1924 2653 ld
1943 2631 1986 2654 est
2003 2636 2053 2654 ons.
2070 2629 2095 2653 A
2109 2628 2144 2658 Cz
2164 2627 2190 2652 A
2209 2627 2245 2652 ha

399 2676 507 2700 decima
525 2675 626 2707 quarta
644 2687 677 2692 -——
696 2672 738 2706 36.
757 2672 910 2698 consilium
929 2672 954 2696 B
974 2686 1005 2691 —
1024 2677 1116 2704 37·39.
1136 2672 1224 2696 Anno
1236 2688 1296 2697 ....
1315 2672 1460 2698 detinetur
1478 2679 1526 2697 om.
1546 2672 1611 2697 BD

488 2776 496 2794 ¹
516 2777 678 2803 Romnum
696 2776 902 2802 sinemuri
924 2774 1080 2805 Chr-micon,
1100 2776 1130 2799 ln
1149 2775 1187 2800 M.
1211 2775 1243 2800 G.
1257 2775 1293 2800 H.
1350 2776 1429 2800 rico
1447 2774 1638 2806 ItaHano),
1659 2782 1706 2808 pp.
1726 2773 1816 2808 78-88.

398 2820 458 2849 SS„
478 2821 536 2845 vol.
555 2820 629 2849 XIX,
649 2827 675 2852 p.
695 2818 763 2851 426:
784 2817 819 2843 26
837 2818 965 2843 febbraio
988 2822 1065 2849 1154.
1437 2816 1448 2833 ³
1466 2818 1585 2842 Annales
1606 2817 1769 2846 Casinenser,
1788 2824 1815 2850 p.
1838 2824 1904 2850 314²
1926 2816 1957 2841 18
1976 2816 2128 2841 novembre
2149 2814 2226 2848 1189.

486 2859 498 2877 ²
516 2861 628 2890 ibidem,
647 2869 673 2893 p.
693 2867 759 2894 435:
779 2866 793 2892 7
814 2860 928 2892 magglo
945 2856 1027 2893 116613
1047 2859 1156 2889 invece,
1170 2859 1294 2884 secondo
1437 2858 1447 2875 ⁴
1466 2860 1584 2884 Annales
1607 2859 1784 2888 Cncanmses,
1805 2860 1834 2883 in
1854 2858 1892 2884 M.
1913 2859 1945 2883 G.
1966 2858 2003 2883 Η.
2021 2857 2080 2887 SS..
2100 2857 2158 2883 vol.
2171 2857 2247 2887 XIX,
2277 2862 2288 2881 1

398 2905 439 2936 gli
453 2904 569 2928 Annales
584 2903 737 2928 Casinenset
750 2902 792 2936 (in
805 2901 843 2927 M.
860 2903 893 2928 G.
908 2902 942 2927 H.
956 2901 1015 2931 SS„
1025 2901 1083 2926 vol.
1093 2900 1168 2932 XIX,
1179 2909 1205 2933 p.
1216 2900 1296 2934 312):
1350 2909 1378 2935 p.
1398 2908 1458 2934 ²92·
2298 2919 2299 2923 ,

398 2949 411 2962 ”
424 2946 532 2971 decima
551 2946 652 2978 quinta
671 2946 718 2970 dle
736 2947 842 2970 mensis
861 2945 950 2969 madii
960 2953 988 2976 ,ς
1008 2943 1043 2969 U.
1068 2943 1239 2973 ancmmo,
1257 2943 1297 2968 La
1438 2942 1450 2959 ⁵
1468 2943 1552 2969 R1cc.
1571 2951 1610 2968 nr.
1628 2944 1656 2969 S.
1685 2941 1852 2974 Genuum,
1872 2942 2015 2972 Chronica,
2034 2942 2065 2967 in
2085 2941 2126 2968 Π.
2151 2941 2183 2966 G.
2209 2940 2246 2968 E.
2298 2935 2299 2953 ³

398 2988 519 3013 Binaria
531 2995 545 3012 o
557 2987 636 3012 Liber
647 2988 679 3012 de
691 2988 782 3019 Regno
794 2987 895 3017 Sicilie,
907 2986 950 3011 ed.
964 2985 1123 3016 Sancum,
1143 2986 1173 3010 in
1190 2986 1296 3010 Fonti
1352 2986 1410 3018 SS„
1431 2986 1491 3010 vol.
1510 2986 1585 3015 XIX,
1605 2994 1631 3018 p.
1655 2992 1695 3017 ¹9·

399 3037 458 3063 per
477 3031 512 3055 la
533 3030 660 3064 Stssoria
679 3030 835 3055 d'Italia
858 3028 948 3062 (edite
968 3028 1203 3054 dall’Istltuto
1222 3027 1297 3053 Sto·
1440 3026 1451 3043 ⁰
1471 3029 1550 3059 Ibn‘d„
1569 3035 1595 3060 p.
1615 3034 1676 3060 340.
