2314 3418
170 582 243 604 MUR··
262 586 300 604 599

176 1112 280 1135 D,131v

299 2885 330 2903 10

355 238 425 272 102
929 232 1201 268 GAUFREDI
1230 230 1610 266 MALATERRAE
2017 235 2069 269 [A.
2091 235 2182 267 1096}

437 357 567 389 XXIV.
594 374 633 379 -
658 356 767 388 Porro
792 355 863 387 dux
886 354 1070 400 Rogerius,
1093 353 1207 386 adhuc
1231 351 1365 397 juvenis
1388 357 1423 384 et
1446 351 1492 383 nil
1510 351 1620 384 malae
1638 352 1842 395 suspicionis
1858 352 2020 385 adversus
2036 351 2184 394 aliquem

351 411 491 448 habens,
515 410 577 441 sed
601 419 644 440 ex
666 409 718 441 sui
741 407 858 440 cordis
881 406 1033 448 puritate
1057 405 1202 438 aliorum
1226 410 1360 437 mentes
1382 403 1588 447 dijudicans,
1611 404 1863 448 Longobardos
1894 415 2004 448 aeque
2027 411 2065 437 ut
2094 404 2185 437 Nor-

350 472 491 495 mannos
515 480 555 484 -
581 461 662 504 quia
685 472 729 493 ex
751 466 870 502 partae
895 458 1011 491 matris
1035 469 1079 491 ex
1101 469 1221 491 eorum
1244 463 1348 502 gente
1371 463 1446 489 erat
1465 475 1501 480 --
1519 455 1585 489 sibi
1597 457 1719 490 fideles
1730 458 1877 490 credens
1892 464 1926 491 et
1941 468 2059 490 eorum
2075 467 2185 501 genus

349 520 485 548 nostrae
508 514 622 558 gentis
645 512 790 544 invisum
812 511 923 544 minus
947 511 1157 549 discernens,
1181 516 1294 543 castra
1316 521 1376 542 sua
1398 509 1528 542 tuenda
1550 509 1600 541 eis
1621 509 1716 542 haud
1732 519 1831 542 secus
1847 520 1887 543 ac
1902 510 2112 543 Normannis
2125 510 2184 542 de·
2297 537 2303 549 ⁷2

350 567 503 611 le'gabat.
550 566 653 598 Unde
682 565 811 598 accidit
834 571 880 603 ut,
905 575 982 597 cum
1006 564 1100 607 apud
1123 563 1281 602 Maltam,
1304 563 1415 595 minus
1437 562 1502 596 sibi
1526 562 1782 605 prospiciendo,
1805 563 1897 596 idem
1920 564 2065 602 faceret,
2094 563 2184 596 Mal-
2229 561 2247 594 5
2300 571 2305 611 3

349 621 458 654 fetani
482 620 566 652 urbe
587 625 622 651 et
645 619 778 657 castris,
802 628 891 661 quae
916 618 1129 651 Guiscardus
1152 617 1196 649 ad
1219 616 1398 659 perfidiam
1423 626 1539 649 eorum
1565 616 1859 658 comprimendam
1884 616 2012 649 ibidem
2042 617 2184 654 fecerat,

350 685 413 716 pro
436 673 534 705 libitu
557 682 618 705 suo
641 677 787 710 utentes,
809 671 953 704 liberam
969 670 1171 704 facultatem
1186 669 1319 702 fraudis
1336 678 1417 702 suae
1434 668 1651 701 exercendae
1666 669 1772 707 nacti,
1786 669 1906 712 jugum
1921 670 2032 712 gentis
2047 675 2184 702 nostrae

349 734 384 760 et
407 726 514 764 ducis,
539 725 619 768 quia
641 725 745 758 moris
766 725 872 757 nostri
896 730 1062 757 executor
1085 729 1169 762 erat,
1193 735 1214 756 a
1235 733 1271 755 se
1294 728 1470 762 excutere,
1492 731 1557 754 nec
1579 721 1744 754 tributum
1767 727 1802 753 et
1824 722 2002 754 servitium
2023 728 2185 756 statutum

350 779 557 822 persolvere,
581 779 644 812 sed
668 784 702 811 et
725 778 791 821 ipsi
814 778 895 810 duci
927 777 971 810 ad
998 777 1144 810 eandem
1167 776 1288 809 urbem
1312 775 1518 814 accedendi,
1556 774 1716 807 omnibus
1739 773 1897 807 fidelibus
1931 774 1999 807 suis
2030 775 2186 815 exclusis,

351 832 482 865 aditum
506 837 709 876 arroganter
732 830 981 875 denegarent¹.
2211 829 2250 861 10
2299 837 2302 842 ²

439 886 519 918 Dux
541 891 664 922 autem,
689 885 814 918 videns
837 891 967 917 tantum
991 884 1151 917 damnum
1174 883 1240 916 sibi
1263 883 1406 922 illatum,
1422 882 1467 915 de
1485 882 1702 919 credulitate,
1719 891 1821 925 quam
1839 891 1923 925 erga
1938 891 1997 914 eos
2011 875 2187 922 habuerat,
2293 879 2297 885 ⁷⁴

352 949 429 972 sero
452 938 645 981 poenitens,
670 949 689 970 a
714 938 840 971 comite
863 944 897 971 et
921 938 1069 971 caeteris
1092 936 1250 970 fidelibus
1273 937 1343 969 suis
1368 935 1549 969 consilium
1565 934 1770 979 subjugandi
1786 945 1845 968 eos
1860 934 2012 978 requirit.
2057 934 2186 979 Sicque

355 992 526 1025 avunculo
550 991 679 1030 comiti,
702 997 739 1024 ut
768 991 835 1023 sibi
859 990 1084 1023 attentissime
1108 995 1298 1029 succurrat,
1320 989 1539 1021 medietatem
1562 987 1656 1021 urbis
1679 987 1758 1027 sibi,
1781 988 1808 1019 si
1831 987 2015 1031 subjugare
2037 994 2187 1030 possent,

352 1045 562 1083 concedens,
585 1044 630 1077 ab
654 1044 747 1077 omni
771 1043 901 1087 Apulia
923 1049 958 1077 et
980 1043 1142 1077 Calabria
1164 1043 1279 1075 navali
1304 1049 1339 1075 et
1361 1042 1512 1085 equestri
1536 1041 1689 1074 exercitu
1719 1041 1870 1079 admoto,
1899 1040 2054 1083 peditum
2085 1040 2188 1074 etiam
2301 1068 2305 1076 ς

356 1098 465 1140 copiis
487 1096 642 1130 certatim
666 1096 852 1135 accelerat,
878 1094 983 1130 anno'
1008 1095 1256 1129 incarnationis
1278 1095 1417 1128 Domini
1439 1093 1632 1128 MXCV12.
1678 1093 1810 1126 Urbem
1839 1093 1956 1137 itaque
1979 1103 2000 1125 a
2029 1093 2188 1136 procintu
2215 1093 2253 1126 15
2298 1125 2305 1130 ,

353 1151 458 1184 maris
480 1150 625 1184 navibus
649 1150 840 1194 cingentes,
863 1161 927 1193 per
949 1149 1154 1193 praecipitia
1188 1148 1551 1193 circumadjacentium
1582 1147 1747 1180 montium
1779 1147 1932 1191 equitum
1968 1153 2003 1179 et
2034 1147 2190 1190 peditum

352 1205 470 1247 copias
492 1204 683 1247 prudenter
705 1213 749 1236 ex
772 1203 916 1237 consilio
946 1208 981 1236 et
1008 1213 1113 1246 opere
1141 1202 1276 1235 comitis
1306 1201 1515 1240 ordinantes,
1545 1201 1702 1244 undique
1733 1200 1914 1233 obsidione
1943 1200 2084 1233 vallant.
2130 1199 2190 1232 Sic

352 1259 468 1302 itaque
491 1258 611 1290 urbem
634 1256 872 1299 opprimendo,
896 1257 1067 1299 profecto,
1089 1262 1127 1288 ut
1151 1256 1336 1294 credimus,
1368 1254 1605 1294 obtinuissent,
1634 1253 1700 1286 nisi
1730 1253 1957 1286 infortunium
1982 1253 2062 1292 tale,
2089 1253 2190 1297 quale

350 1311 583 1344 subtitulando
607 1309 857 1348 annotabimus,
886 1309 1145 1342 intercessisset.
2296 1337 2299 1340 a

440 1364 664 1397 Boamundus
686 1373 846 1406 namque,
871 1363 971 1395 ducis
994 1362 1120 1396 auxilio
1144 1362 1311 1400 simulato,
1328 1367 1362 1394 et
1380 1361 1423 1394 ab
1438 1361 1514 1404 ipso
1537 1360 1763 1398 submonitus,
1786 1361 1984 1398 adveniens,
1999 1359 2076 1403 plus
2090 1359 2190 1393 fratri
2213 1361 2256 1392 20
2295 1363 2298 1365 ’

354 1418 399 1451 ad
421 1419 583 1450 damnum
606 1427 708 1460 quam
738 1417 784 1449 ad
812 1417 1016 1459 proficuum,
1039 1426 1109 1449 non
1132 1421 1259 1455 tamen,
1287 1421 1326 1448 ut
1361 1415 1545 1454 credimus,
1580 1424 1624 1447 ex
1656 1414 1826 1447 industria
1855 1413 1970 1446 factus
2005 1418 2064 1447 est.
2110 1413 2191 1456 Ipso

351 1480 453 1511 anno,
478 1480 520 1503 ex
545 1470 664 1502 edictu
687 1469 820 1503 Urbani
846 1479 957 1512 papae
988 1468 1165 1512 expeditio
1188 1479 1306 1501 versus
1333 1468 1524 1511 Jerusalem
1555 1467 1597 1500 ab
1628 1467 1783 1509 undique
1813 1472 1980 1499 terrarum
2010 1466 2192 1500 ferventis-

354 1523 439 1556 sima
462 1528 547 1556 erat.
591 1522 813 1555 Boamundus
835 1528 961 1560 autem,
985 1522 1044 1565 qui
1064 1521 1133 1564 jam
1157 1522 1286 1554 dudum
1311 1532 1388 1554 cum
1413 1520 1607 1554 Guiscardo
1630 1526 1728 1563 patre
1759 1519 1964 1553 Romaniam
1993 1525 2192 1562 pervaserat

356 1583 391 1610 et
412 1586 549 1619 semper
572 1586 648 1608 eam
669 1575 736 1608 sibi
758 1575 942 1619 subjugare
965 1575 1110 1618 cupiens
1133 1580 1217 1614 erat,
1239 1574 1362 1607 videns
1377 1574 1559 1617 plurimam
1575 1573 1826 1606 multitudinem
1841 1583 1907 1616 per
1921 1572 2094 1616 Apuliam,
2117 1573 2191 1614 (sed
2309 1605 2312 1606 γ

354 1630 439 1662 sine·
451 1629 634 1672 principe),
656 1628 812 1661 illorsum
836 1631 1042 1667 accelerare,
1066 1628 1228 1671 princeps
1250 1628 1431 1667 exercitus,
1448 1627 1516 1660 sibi
1532 1637 1593 1660 eos
1607 1627 1794 1670 alligando,
1813 1626 1886 1659 fieri
1904 1626 2034 1667 volens,
2056 1626 2191 1671 signum
2213 1624 2256 1658 25

353 1683 509 1716 eiusdem
532 1681 774 1725 expeditionis,
798 1692 937 1716 crucem
959 1681 1136 1720 videlicet,
1160 1681 1314 1714 vestibus
1336 1681 1406 1714 suis
1430 1681 1584 1724 apponit.
2295 1674 2297 1676 ’

442 1737 553 1769 Ροιτο
574 1736 735 1779 juventus
765 1735 892 1769 bellica
921 1736 1026 1769 totius
1057 1735 1236 1774 exercitus,
1269 1741 1337 1767 tam
1369 1735 1476 1773 ducis,
1507 1745 1609 1778 quam
1641 1734 1784 1774 comitis,
1815 1744 1979 1767 novarum
2001 1743 2126 1773 rerum,
2155 1739 2194 1767 ut

353 1791 389 1823 in
411 1790 474 1822 tali
497 1795 608 1822 aetate
632 1789 768 1828 assolet,
792 1794 970 1832 appetens,
994 1788 1068 1821 visa
1098 1798 1201 1821 cruce
1235 1787 1426 1821 Boamundi
1458 1794 1492 1821 et
1524 1787 1567 1820 ab
1596 1788 1672 1831 ipso
1702 1787 1886 1820 submoniti
1916 1787 1962 1819 ad
1991 1785 2030 1819 id
2059 1787 2193 1820 facien·-

355 1844 447 1885 dum,
471 1843 628 1876 certatim
652 1848 872 1875 concurrunt.
918 1841 1054 1885 sicque,
1079 1842 1240 1875 crucibus
1262 1842 1415 1885 sumptis,
1440 1842 1525 1874 fines
1542 1841 1721 1875 christiani
1736 1841 1884 1874 nominis
1899 1840 2044 1874 ulterius
2059 1850 2126 1873 non
2143 1835 2195 1874 at·
2294 1870 2308 1882 Ι,

353 1902 498 1935 tentare,
522 1897 635 1929 donec
658 1906 870 1939 paganorum
893 1895 978 1928 fines
1000 1897 1205 1938 pervadant,
1227 1895 1359 1939 absque
1374 1895 1596 1929 cunctatione
1613 1901 1693 1928 voto
1709 1894 1906 1938 obligantur
1917 1894 1941 1926 ¹³.
1987 1894 2067 1927 Dux
2081 1899 2193 1927 autem
2215 1895 2258 1926 30

352 1955 388 1982 et
411 1959 540 1989 comes,
572 1949 760 1983 exercitum
783 1959 882 1982 suum
903 1949 1050 1981 maxima
1073 1959 1117 1982 ex
1138 1954 1237 1991 parte
1265 1948 1330 1981 sibi
1357 1949 1471 1982 taliter
1501 1948 1671 1981 defecisse
1702 1948 1873 1989 videntes,
1905 1947 2019 1980 tristes
2049 1947 2193 1990 expedi-

352 2004 484 2036 tionem
506 2003 659 2036 solvunt:
684 2002 803 2045 sicque
825 2001 917 2042 urbs,
940 2012 1029 2045 pene
1052 2012 1159 2046 usque
1183 2002 1229 2034 ad
1252 2001 1461 2035 deditionem
1485 2007 1620 2040 vexata,
1643 2001 1705 2034 tali
1727 2001 1915 2034 infortunio
1939 2000 2111 2035 liberatur.

443 2056 664 2089 Boamundus
687 2066 782 2088 mare
813 2055 961 2088 transiit:
994 2055 1063 2087 dux
1092 2055 1128 2087 in
1159 2055 1321 2098 Apuliam
1351 2055 1501 2093 secedit;
1534 2065 1650 2087 comes
1680 2054 1832 2087 Siciliam
1862 2053 2055 2087 revertitur.
2101 2053 2194 2087 Urbs

356 2109 556 2143 obsessione
579 2109 735 2153 gaudens
755 2108 931 2141 liberatur.

444 2193 560 2227 XXV.
584 2212 626 2216 —
649 2193 858 2227 Colomanus
879 2199 1006 2231 autem,
1028 2203 1090 2226 rex
1111 2193 1342 2238 Ungarorum,
1365 2194 1509 2227 audiens
1530 2194 1659 2226 tamam
1683 2193 1876 2226 Siculorum
1901 2192 2044 2237 gloriosi
2060 2191 2194 2226 comitis
2217 2190 2258 2223 35
2296 2200 2304 2237 J,

354 2247 509 2291 Rogerii,
531 2247 664 2291 legatos
687 2246 849 2290 dirigens,
862 2245 965 2278 filiam
980 2256 1076 2279 suam
1088 2247 1099 2263 ⁴
1116 2247 1153 2278 in
1168 2247 1420 2280 matrimonium
1438 2247 1585 2280 concedi
1601 2246 1805 2290 expostulat.
1851 2246 1913 2278 llle
1929 2256 2023 2285 vero,
2039 2244 2196 2289 quamvis
2294 2240 2307 2247 θ

353 2301 489 2334 honesti
512 2299 588 2339 viri,
611 2299 668 2343 qui
691 2299 736 2332 ad
758 2299 826 2332 hoc
849 2304 1025 2338 venerant,
1049 2305 1174 2337 essent,
1197 2305 1311 2332 tamen
1333 2300 1410 2332 illos
1434 2299 1574 2332 honeste
1599 2311 1619 2332 a
1642 2310 1679 2332 se
1702 2299 1889 2338 dimittens,
1914 2299 1959 2332 de
1988 2297 2057 2331 suis
2079 2297 2194 2338 etiam,

355 2365 399 2387 ne
422 2353 573 2392 fallatur,
597 2363 675 2386 cum
697 2353 781 2396 ipsis
804 2352 956 2396 dirigens
978 2353 1168 2391 remandat,
1191 2358 1239 2390 ut,
1263 2352 1291 2384 si
1308 2358 1491 2386 executum
1507 2353 1601 2396 quod
1619 2359 1783 2395 coeperat
1809 2352 1903 2391 velit,
1919 2351 2065 2384 alicuius
2075 2357 2194 2384 aucto-

444 2465 499 2490 3-4.
517 2463 615 2481 eorum
633 2457 802 2488 gentes....
823 2457 931 2480 invisas
949 2456 1012 2480 BD
1031 2469 1064 2474 —
1085 2462 1107 2487 5.
1127 2457 1291 2482 minus....
1312 2454 1426 2490 faceret]
1447 2457 1521 2481 idem
1543 2457 1682 2485 faciendo,
1703 2457 1797 2480 minus
1823 2455 1878 2479 sibi
1903 2455 2086 2490 prospiceret,
2108 2455 2137 2479 P
2158 2467 2193 2472 -

356 2506 396 2524 10.
414 2500 581 2531 arroganter
606 2506 654 2523 om.
673 2499 702 2523 P
719 2512 751 2516 —
774 2504 814 2523 12.
833 2499 951 2523 caeterIs
969 2506 1018 2522 om.
1037 2499 1063 2523 P
1081 2512 1112 2516 —
1136 2506 1222 2531 13-14.
1242 2499 1392 2524 medietate
1412 2499 1468 2523 sibi
1487 2499 1565 2523 urbis
1583 2499 1776 2531 subiugandae
1795 2505 1936 2529 concessa,
1957 2497 1991 2522 ab
2008 2496 2060 2521 cosi
2078 2497 2140 2521 BD
2158 2509 2191 2514 —

356 2548 396 2574 15.
416 2542 553 2566 certatum
571 2541 709 2565 accelerat
728 2540 823 2565 urbem
841 2546 918 2564 anno
936 2539 987 2564 cosi
1005 2540 1069 2564 BD
1087 2553 1096 2558 -
1116 2539 1248 2574 Domini]
1267 2541 1347 2566 verbi
1367 2542 1393 2566 B
1403 2542 1432 2565 D
1444 2554 1455 2559 -
1468 2542 1536 2565 urbe
1549 2541 1575 2564 P
1587 2554 1619 2558 -
1636 2539 1676 2565 16.
1690 2540 1869 2572 cingentibus
1882 2539 1909 2563 B
1919 2541 1947 2564 D
1959 2553 1992 2556 —
2006 2545 2049 2563 20.
2062 2535 2191 2571 namque]

356 2583 477 2615 denique
495 2583 560 2607 BD
580 2596 589 2601 -
608 2584 636 2607 et
654 2590 703 2607 om.
721 2582 786 2608 BD
805 2595 837 2600 —
856 2588 898 2614 23.
910 2583 969 2616 jam
982 2582 1087 2606 dudum
1101 2590 1149 2607 om.
1162 2583 1224 2607 BD
1237 2597 1270 2600 —
1285 2590 1326 2615 24.
1340 2590 1400 2608 eam
1419 2591 1467 2607 om.
1481 2584 1509 2608 P
1520 2596 1552 2601 —
1567 2589 1608 2615 ²5-
1622 2590 1670 2607 eos
1683 2583 1799 2615 alligari
1813 2583 1913 2607 volens
1926 2582 1988 2606 BD
2000 2595 2032 2599 -
2046 2586 2088 2612 27.
2102 2587 2192 2605 novas

314 2632 327 2657 5
356 2633 400 2650 res
417 2626 443 2649 B
462 2639 494 2643 —
514 2625 555 2650 28.
576 2625 611 2650 ab
630 2625 692 2658 ipso
713 2625 867 2649 submoniti
887 2631 936 2649 om.
954 2624 1018 2649 BD
1037 2638 1069 2642 —
1088 2631 1131 2657 30.
1151 2625 1307 2657 pervadant
1326 2626 1377 2650 sub
1396 2626 1590 2650 ostentatione
1611 2627 1679 2649 voto
1698 2625 1856 2657 alligantur
1874 2625 1902 2648 D
1914 2637 1947 2641 ——-
1959 2630 2002 2655 32.
2022 2620 2128 2656 sicque]
2146 2622 2192 2647 die

353 2667 417 2692 BD
434 2680 445 2685 -
464 2659 613 2700 liberatur]
633 2667 785 2700 privantur
802 2666 830 2691 P
846 2679 879 2683 —
898 2673 940 2698 34.
958 2665 1133 2700 obsessione]
1153 2669 1338 2699 oppressione
1355 2668 1383 2692 P
1400 2681 1432 2684 —
1453 2672 1495 2699 35.
1515 2665 1700 2699 Colomanus]
1718 2667 1874 2691 Alamanus
1893 2666 1921 2690 P
1936 2678 1945 2684 -
1963 2665 2110 2697 Ungorum
2129 2664 2194 2689 BD

444 2754 454 2772 ¹
472 2756 524 2780 Nei
546 2756 633 2788 primi
646 2756 691 2780 del
708 2755 774 2789 1096
786 2756 827 2789 gli
841 2755 1007 2780 Amalfitani
1022 2763 1149 2780 avevano
1162 2757 1250 2781 eletto
1302 2763 1413 2782 MUALD.
1430 2757 1566 2788 SALERN„
1581 2756 1618 2780 ad
1633 2764 1697 2781 ann.
1719 2754 1793 2788 1096.

357 2797 427 2822 duca
446 2797 576 2827 Marium
596 2797 631 2822 cf.
651 2798 689 2822 M.
709 2798 848 2827 Casan,
872 2797 997 2822 Memon'e
1018 2797 1250 2830 storin-diploma·
1387 2797 1398 2815 ³
1410 2799 1519 2824 FULca.
1531 2798 1674 2829 Clinno-r„
1689 2798 1767 2823 Gesta
1777 2797 1941 2822 Francorum
1954 2796 2106 2828 Jerusalem
2115 2797 2196 2827 σεμι-
2225 2798 2255 2825 ¹⁵

355 2839 423 2864 ticlu
441 2840 593 2865 deu’antica
617 2841 681 2865 cited
699 2848 712 2864 e
730 2841 821 2865 ducato
844 2840 876 2864 dt·
896 2839 1004 2872 ΑηιαΙῙῖ,
1023 2840 1082 2864 vol.
1102 2840 1122 2871 1,
1143 2848 1170 2872 p.
1190 2847 1250 2874 293·
1298 2842 1455 2873 gnanu'um,
1475 2843 1505 2865 in
1525 2840 1680 2865 Recueii
1700 2841 1761 2865 des
1779 2839 1992 2864 historiens
2012 2838 2071 2862 des
2090 2837 2197 2862 Croi·

444 2879 455 2896 ²
473 2882 591 2906 Annales
613 2882 748 2911 Cavenses,
767 2883 797 2907 in
811 2883 852 2907 M.
871 2882 900 2907 G.
917 2883 953 2907 H.
966 2881 1024 2913 SS.,
1039 2882 1087 2911 111,
1103 2889 1164 2914 1903
1177 2881 1248 2908 Lm’.
1302 2883 1422 2908 sades:
1437 2883 1479 2907 Hi
1491 2885 1586 2908 stor.
1600 2890 1662 2907 occ
1674 2883 1682 2906 i
1693 2882 1734 2913 d.,
1746 2881 1781 2911 11,
1795 2881 1860 2914 385;
1874 2880 1946 2906 ORD.
1960 2879 2064 2904 V1TAL.
2076 2879 2135 2904 vol.
2148 2878 2195 2908 111,

357 2922 516 2948 Pnorosa:
537 2922 662 2948 “Comes
688 2931 751 2949 cum
778 2930 812 2948 20
835 2924 952 2949 milibus
977 2923 1195 2948 Sarracenorum
1220 2927 1249 2949 et
1301 2924 1353 2957 488
1360 2935 1366 2954 ;
1386 2925 1474 2950 Para.
1493 2925 1588 2954 Due„
1606 2924 1654 2953 IV,
1676 2931 1723 2954 113
1743 2923 1813 2948 LUP.
1832 2923 1983 2950 Pam-oss„
2002 2922 2039 2945 ad
2054 2929 2098 2946 an.
2111 2920 2195 2953 1096}

359 2963 372 2976 ³
382 2972 445 2989 cum
464 2966 612 2990 innumera
630 2966 817 2991 mult1tud1ne
841 2966 962 2991 aliarum
985 2967 1113 2999 gentium
1139 2967 1166 2991 et
1185 2967 1248 2991 uni-
1300 2967 1380 2991 Rom.
1400 2967 1534 2996 Samum,
1553 2967 1596 2991 ad.
1615 2974 1659 2991 an.
1680 2971 1756 2998 1097.
2298 2988 2299 2994 ,

360 3006 457 3032 “versi
477 3009 594 3033 comites
615 3008 746 3041 Apuliae,
768 3009 935 3034 obsiderunt
953 3008 1117 3041 Amalphim
1128 3025 1150 3040 ,„
1164 3015 1179 3033 e
1192 3007 1248 3033 Ro·
1390 3007 1399 3024 ⁴
1419 3009 1443 3032 A
1465 3015 1548 3033 nome
1568 3008 1684 3033 Busilla.
2224 3010 2258 3028 20
2294 2999 2301 3039 ᾖ
