2314 3418
199 359 228 382 ι),
245 364 305 383 1257*
381 347 571 390 applicans,
594 346 702 379 fllium
724 352 759 378 et
782 355 867 388 quos
890 355 967 377 cum
991 344 1082 386 ipsos
1105 343 1198 385 apud
1221 348 1390 375 extremas
1412 347 1529 384 partes
1552 340 1751 382 dimise'rat,
1774 343 1819 375 de
1847 343 1962 376 reditu
1993 353 2054 376 suo
2084 342 2212 376 sollici-

378 400 483 432 tando
505 399 658 438 anhelos,
682 398 864 440 plurimum
887 396 1039 429 laetitiae
1063 396 1211 438 seipsum
1234 395 1528 437 repraesentando
1545 393 1709 427 reddidit.
1756 394 1882 438 Sicque
1899 396 1944 428 ad
1960 396 2055 439 quod
2071 402 2213 429 venerat

376 461 561 496 exequens,
584 460 720 483 omnem
742 450 886 492 patriam
910 459 972 481 suo
995 447 1109 480 reditu
1132 447 1304 485 turbabat,
1327 446 1470 480 urbibus
1493 446 1651 484 infestus,
1676 446 1930 482 obsessionibus
1951 449 2118 488 assiduus,
2132 459 2212 492 per-

378 505 530 538 sistendo
553 504 756 540 indefessus,
780 500 1019 545 congressibus
1042 501 1147 543 prior,
1171 499 1324 533 excubiis
1347 510 1532 543 numquam
1549 499 1684 538 absens,
1700 509 1793 533 nunc
1808 500 1910 533 minis
1923 501 2096 540 terrendo,
2120 512 2212 534 nunc

380 556 624 590 blandimentis
647 555 841 594 mulcendo,
865 554 1056 597 imperium,
1080 553 1263 586 sollicitum
1287 553 1448 591 reddens,
1471 558 1550 585 ante
1572 562 1609 585 se
1632 558 1778 585 tremere
1801 553 1964 587 faciebat.

464 663 557 696 XLI.
583 680 623 686 ——
647 661 809 695 Mirabile
832 661 1006 704 quoddam
1029 660 1257 703 praesagium,
1280 659 1373 702 quod
1396 669 1459 702 per
1481 665 1585 692 totam
1610 658 1784 702 Apuliam,
1807 659 2001 694 Calabriam
2023 662 2097 694 sive
2126 661 2214 695 Sici·
2269 681 2278 705 ,3

382 717 460 749 liam
482 715 591 748 visum
614 720 676 753 est,
699 714 779 746 huic
802 714 899 756 operi
923 714 1073 746 inserere
1105 712 1246 756 dignum
1277 711 1377 745 nobis
1404 712 1511 745 visum
1545 717 1606 751 est,
1640 712 1787 745 maxime
1818 713 1912 756 quod
1943 723 1995 754 ea,
2025 725 2113 758 quae
2146 714 2215 748 tale
2270 708 2277 758 j*

379 768 515 812 signum
537 767 776 811 portendebat,
800 777 864 799 nos
888 776 930 799 ex
952 772 1051 809 parte
1075 775 1145 797 non
1167 766 1329 808 ignorare
1351 771 1519 807 putamus.

468 820 572 854 Anno
595 821 746 864 denique
767 820 937 852 incarnati
960 819 1068 852 Verbi
1091 817 1331 857 MLXXXIV,
1355 823 1451 851 sexto
1476 818 1532 850 die
1556 818 1682 851 mensis
1704 819 1883 858 februarii,
1906 820 1996 852 inter
2019 827 2150 854 sextam
2182 826 2216 854 et
2305 850 2307 864 Α,

381 885 516 914 nonam,
539 875 591 907 sol
613 874 814 907 obscuratus
836 878 886 906 est
909 884 971 915 per
994 872 1142 915 spatium
1164 872 1265 905 trium
1288 872 1459 909 horarum,
1482 872 1518 903 in
1540 877 1684 910 tautum,
1707 877 1745 904 ut
1769 873 1827 915 qui
1854 872 1946 906 infra
1969 873 2088 906 domos
2110 874 2214 907 alicui
2239 873 2268 906 1
2304 869 2307 910 ξ

381 929 477 971 operi
498 927 716 966 insudabant,
739 936 809 959 non
825 926 890 958 nisi
906 926 1090 958 luminibus
1106 925 1264 958 accensis
1278 925 1414 958 interim
1431 935 1520 968 quae
1536 931 1736 968 coeperant,
1751 926 1875 970 exequi
1890 931 2042 968 possent;
2057 926 2117 970 qui
2131 936 2216 960 vero

381 982 424 1014 de
447 982 551 1015 domo
574 981 618 1014 ad
641 981 777 1013 domum
801 979 1045 1023 transmigrare
1069 978 1244 1017 volebant,
1268 979 1430 1012 lanternis
1451 979 1506 1011 vel
1530 978 1667 1011 facibus
1690 984 1878 1012 uterentur.
1925 978 2027 1018 Quae
2049 990 2106 1013 res
2127 981 2215 1014 mul-

381 1042 434 1068 tos
454 1034 636 1077 perterruit
649 1034 669 1066 ¹.

467 1087 550 1126 Sed,
573 1094 757 1131 antequam
780 1097 889 1119 annus
910 1086 1160 1129 pertransisset,
1183 1085 1392 1128 significatio
1416 1086 1493 1118 talis
1523 1086 1683 1130 eclypsis,
1705 1087 1743 1119 in
1767 1093 1932 1130 quantum
1959 1097 2023 1120 nos
2044 1093 2216 1130 putamus.
2255 1086 2261 1100 ²

379 1140 533 1183 pluribus
557 1151 635 1173 cum
665 1140 812 1172 maximo
843 1140 969 1172 damno
1000 1139 1222 1182 praeclaruit.
1268 1138 1357 1171 Nam
1388 1139 1510 1172 eodem
1540 1149 1631 1172 anno
1661 1138 1871 1172 venerabilis
1893 1150 1984 1183 papa
2014 1139 2216 1184 Gregorius,

381 1212 419 1217 —
445 1194 541 1226 cuius
563 1194 719 1236 superius
741 1193 867 1225 mentio
890 1193 984 1225 facta
1007 1198 1058 1224 est
1080 1211 1121 1216 —
1146 1192 1351 1225 infirmitatis
1381 1203 1462 1225 suae
1494 1204 1514 1225 a
1544 1192 1691 1225 medicis
1719 1192 2009 1226 medicamentum
2039 1199 2216 1237 expetens,

380 1247 551 1280 frustratis
573 1245 868 1285 medicaminibus,
891 1245 977 1278 obiit
990 1245 1013 1277 ¹.
1058 1246 1147 1285 Dux,
1168 1246 1255 1290 julio
1278 1255 1396 1278 mense
1408 1247 1431 1284 ³,
1456 1251 1491 1278 et
1513 1245 1759 1279 famosissimus
1782 1256 1844 1279 rex
1859 1244 2050 1290 Anglorum
2075 1251 2110 1279 et
2125 1246 2218 1280 Nor-
2256 1237 2261 1261 ³

380 1310 591 1340 mannorum,
611 1299 682 1332 dux
705 1299 919 1339 Guillelmus,
944 1309 1036 1332 nono
1060 1299 1116 1332 die
1140 1298 1353 1342 septembris,
1379 1299 1579 1331 moriuntur.
2302 1334 2305 1347 ;

467 1353 573 1386 Ducis
596 1363 678 1386 vero
702 1353 863 1396 exequias
886 1362 971 1385 uxor
995 1352 1221 1397 Sichelgayta
1244 1362 1320 1384 cum
1343 1351 1412 1384 filio
1435 1352 1603 1396 Rogerio,
1627 1353 1687 1395 qui
1712 1359 1794 1386 tunc
1817 1363 1893 1386 cum
1917 1354 1994 1395 ipso
2017 1353 2111 1396 apud
2134 1354 2216 1386 Bul-
2256 1354 2267 1395 j

380 1417 481 1450 garos
502 1406 711 1445 morabatur,
734 1413 768 1439 et
791 1406 919 1439 caeteri
941 1406 1090 1438 barones
1113 1405 1187 1438 eius
1209 1406 1328 1439 debito
1351 1406 1495 1445 honore,
1517 1415 1586 1438 non
1610 1411 1725 1438 tamen
1748 1406 1821 1439 sine
1844 1406 1975 1450 justitia
1997 1412 2217 1450 exequentes,
2259 1423 2265 1445 χ
2302 1443 2304 1449 y

382 1461 484 1493 funus
505 1466 745 1493 transmeatum
770 1460 957 1492 Venusium
981 1460 1159 1491 humatum
1188 1459 1381 1501 perferunt.
2301 1482 2305 1502 ;

470 1513 629 1552 Graecia,
651 1512 804 1546 hostibus
826 1511 1079 1556 recedentibus,
1101 1512 1223 1552 libera,
1245 1513 1339 1545 laeta
1354 1513 1493 1556 quievit.
1539 1512 1666 1555 Apulia
1681 1519 1764 1552 tota,
1780 1513 1852 1546 sive
1868 1513 2039 1554 Calabria,
2054 1513 2219 1547 turbatur.
2251 1527 2264 1558 ’ἡ

468 1620 578 1654 XLII.
603 1639 643 1644 —-
667 1620 768 1659 Nam,
791 1620 957 1653 tratribus
980 1620 1135 1664 Rogerio
1160 1626 1194 1654 et
1217 1621 1431 1658 Boamundo,
1462 1619 1606 1664 utroque
1637 1621 1800 1653 ducatum
1832 1627 2029 1664 appetente,
2061 1621 2153 1654 inter
2180 1631 2219 1654 se
2248 1616 2252 1617 ⁷
2300 1631 2301 1637 ¹

381 1673 636 1712 dissidentibus,
660 1680 695 1706 et
716 1673 872 1716 pluribus
903 1691 933 1697 —-
954 1683 1045 1706 nunc
1060 1673 1104 1706 ab
1120 1673 1196 1712 isto,
1218 1683 1310 1706 nunc
1326 1673 1370 1706 ab
1386 1673 1446 1706 illo
1470 1674 1684 1706 incrementa
1700 1675 1897 1716 expetendo
1914 1693 1954 1698 —
1972 1674 2105 1708 lucrum
2120 1685 2218 1708 suum
2251 1669 2259 1702 's
2299 1671 2302 1704 ἶ

382 1726 630 1769 quaerentibus,
654 1727 834 1760 multorum
858 1726 1050 1769 Apulorum
1074 1727 1168 1765 fides,
1192 1733 1321 1770 quanta
1343 1726 1460 1765 fuerit,
1485 1727 1719 1769 experimento
1744 1727 1878 1760 claruit.

469 1780 641 1823 Rogerius
662 1781 801 1813 tandem
823 1780 997 1824 adjutorio
1020 1780 1182 1822 avunculi
1205 1781 1268 1819 sui,
1293 1780 1486 1813 Siculorum
1513 1780 1662 1818 comitis,
1686 1780 1844 1824 Rogerii,
1861 1781 1931 1824 qui,
1947 1781 2087 1814 vivente
2102 1781 2220 1820 fratre,
2243 1803 2247 1821 2

382 1834 475 1866 idem
497 1833 562 1866 sibi
584 1834 801 1876 promiserat,
824 1833 896 1866 dux
920 1833 1072 1866 efficitur
1087 1833 1107 1863 ⁴.
1155 1834 1280 1866 Omnia
1303 1833 1443 1867 castella
1465 1833 1659 1874 Calabriae,
1675 1844 1819 1877 quorum
1843 1834 1992 1867 necdum
2007 1835 2073 1867 nisi
2089 1835 2220 1868 medie-
2298 1868 2299 1871 ,

381 1893 485 1920 tatem
508 1887 707 1930 cuiusquam
731 1897 848 1919 comes
869 1886 1044 1930 Rogerius
1067 1887 1227 1926 habebat,
1250 1899 1270 1919 a
1293 1893 1421 1930 nepote
1444 1888 1489 1920 ad
1510 1887 1651 1930 plenum
1674 1886 1738 1919 sibi
1760 1897 1935 1925 concessa,
1964 1888 2219 1934 consignantur.
2248 1932 2250 1937 ,

470 1941 572 1973 Nunc
595 1940 722 1983 itaque.
745 1941 828 1983 quia
849 1951 1010 1983 suprema
1033 1940 1110 1973 dies
1132 1941 1218 1974 tanti
1245 1941 1413 1984 principis
1435 1941 1602 1984 loquendi
1627 1941 1671 1974 de
1700 1942 1786 1983 ipso,
1810 1947 1975 1984 quantum
2007 1942 2052 1974 ad
2084 1941 2221 1981 librum,
2240 1936 2253 1956 f

384 1995 486 2026 finem
508 1993 605 2034 facit,
628 1993 706 2026 finis
727 2003 865 2037 quoque
889 2012 930 2017 —
953 2000 991 2027 ut
1012 1993 1098 2026 mihi
1120 1993 1259 2026 videtur
1281 2012 1324 2017 —
1346 1994 1448 2026 huius
1470 1994 1549 2026 libri
1571 1994 1630 2026 hic
1652 1994 1849 2036 ponendum
1882 2000 1943 2036 est,
1972 1999 2021 2032 ut,
2052 1995 2095 2028 de
2126 2003 2220 2028 novo
2250 2039 2252 2041 Ι

382 2047 470 2080 duce
493 2046 624 2079 mixtim
649 2057 726 2079 cum
749 2047 874 2080 comite
897 2047 1054 2090 loquens,
1077 2057 1185 2080 novus
1211 2047 1297 2079 liber
1320 2047 1557 2090 subsequatur.

1096 2154 1232 2186 Tim-m
1255 2154 1364 2187 me
1389 2155 1500 2187 Fms.

472 2291 495 2309 2·
515 2282 644 2318 anhelos]
662 2284 767 2310 hilares
785 2286 849 2310 BD
868 2299 899 2304 —
920 2292 974 2317 3-4.
994 2285 1124 2310 assiduus
1138 2285 1315 2318 persistendo
1328 2293 1376 2310 om.
1395 2286 1421 2309 P
1436 2299 1468 2302 —
1488 2293 1512 2317 4.
1534 2292 1669 2318 nusquam
1689 2287 1760 2311 Ρ-
1775 2285 1798 2310 6.
1819 2284 1984 2311 CslabrIam
1997 2286 2091 2315 fuerit,
2110 2287 2172 2311 sive
2190 2287 2221 2310 B
2242 2282 2249 2316 ,ᾖ
2294 2302 2296 2322 3

387 2339 419 2344 —
439 2331 462 2358 7.
483 2326 567 2352 uobis
586 2328 677 2352 visum
696 2324 749 2360 est]
769 2327 887 2360 dignum
908 2327 1038 2353 duximus
1058 2328 1117 2352 PC
1136 2342 1167 2345 υ
1186 2335 1211 2360 9.
1231 2327 1390 2353 Salvatoris
1410 2328 1438 2352 P
1453 2341 1462 2345 -
1480 2327 1584 2352 mensis
1603 2335 1652 2352 om.
1666 2329 1693 2353 P
1711 2341 1741 2345 —-
1771 2334 1811 2352 12.
1831 2326 1989 2362 uterentur]
2006 2328 2218 2354 revertebantur
2235 2322 2255 2349 4
2294 2343 2295 2347 =

383 2368 410 2392 B
426 2381 460 2386 —
483 2374 569 2401 1²·13·
587 2367 667 2397 Quae
686 2375 727 2394 res
746 2368 852 2394 multos
876 2370 1027 2401 perterruit
1044 2377 1093 2394 om.
1113 2370 1139 2394 Ρ
1155 2383 1186 2388 —
1209 2377 1250 2401 ¹9·
1268 2368 1360 2402 Gayta
1379 2370 1407 2394 P
1419 2371 1443 2396 C
1460 2384 1489 2387 —-
1513 2376 1553 2394 ιο.
1573 2371 1685 2394 tantum
1705 2371 1734 2395 D
1752 2383 1784 2387 -
1805 2376 1847 2394 21.
1866 2370 1972 2394 Venusi
1991 2369 2018 2394 B
2037 2383 2070 2389 —
2089 2376 2132 2395 π.
2144 2369 2218 2396 laet·
2243 2385 2245 2388 4
2294 2363 2296 2385 I

384 2417 432 2435 om.
450 2410 477 2434 B
495 2423 505 2428 -
523 2411 585 2435 tota
602 2411 633 2436 D
651 2424 682 2428 -
703 2417 744 2442 23.
763 2408 847 2444 Nam]
861 2411 922 2443 Jam
943 2411 970 2435 P
992 2425 1001 2429 -
1026 2413 1140 2444 petente
1158 2411 1223 2437 BD
1247 2425 1279 2430 —
1307 2418 1347 2443 24,
1369 2410 1556 2444 incrementa]
1574 2412 1605 2436 in
1625 2419 1702 2436 arma
1721 2412 1783 2436 BD
1802 2425 1834 2429 —-
1855 2417 1897 2443 25.
1916 2413 2014 2444 quanti
2034 2412 2060 2436 P
2074 2426 2107 2431 —-
2133 2411 2218 2446 27-28.
2245 2439 2247 2442 ⁸
2292 2427 2295 2449 ³.

342 2457 355 2482 5
385 2452 544 2478 medietatis
562 2453 589 2476 P
604 2466 636 2470 —-
656 2459 698 2486 30.
717 2453 799 2478 huius
818 2453 881 2478 hic.
894 2470 917 2478 ..
929 2470 936 2478 .
956 2454 1104 2486 ponendus
1124 2455 1165 2479 est
1183 2454 1252 2479 libri
1271 2455 1299 2479 P
1316 2467 1348 2471 —
1369 2461 1410 2486 3¹·
1429 2455 1587 2486 loquentes,
1606 2461 1711 2478 novum
1731 2454 1834 2479 librum
1855 2455 2040 2486 obsequamur
2058 2455 2087 2479 P
2245 2452 2247 2455 “
2293 2451 2294 2456 ’

474 2553 483 2571 ¹
501 2553 589 2583 Quasi
609 2557 683 2580 tutte
702 2556 728 2580 le
748 2555 825 2581 fonti
845 2563 917 2581 sono
937 2556 1071 2582 concordi
1099 2557 1143 2582 nel
1170 2557 1274 2582 lamen·
1333 2557 1346 2570 ⁸
1358 2559 1505 2590 truumque
1519 2557 1649 2582 extitisse
1662 2557 1795 2590 procella,
1807 2559 1839 2582 ut
1849 2564 1946 2582 omnes
1960 2557 2023 2582 illic
2036 2557 2124 2590 positi
2137 2557 2222 2582 huius
2244 2560 2247 2586 ζ
2292 2549 2293 2560 ’

385 2597 454 2624 tare,
480 2597 511 2621 in
536 2598 627 2628 questi
653 2598 732 2625 anni,
756 2597 834 2622 tristi
860 2596 995 2623 calamita
1018 2606 1033 2622 e
1059 2599 1103 2623 nel
1129 2599 1276 2631 segnalare
1332 2599 1551 2624 “terribilitatis
1571 2599 1697 2633 procella
1716 2601 1850 2633 putarent
1870 2601 1986 2624 interire
1996 2615 2020 2631 ¹,.
2292 2595 2294 2605 ’

385 2639 495 2670 presagi
515 2638 544 2663 dl
564 2645 623 2664 non
643 2646 726 2664 meno
744 2639 878 2664 dolorose
896 2640 1036 2665 sventure.
1073 2639 1153 2670 Cosi,
1173 2641 1216 2666 fra
1233 2641 1275 2674 gli
1419 2639 1430 2657 ²
1447 2640 1523 2666 Mori
1544 2650 1559 2667 a
1577 2641 1694 2667 Salei-no
1714 2643 1734 2666 il
1756 2648 1788 2675 ²5
1808 2643 1922 2675 maggio
1945 2640 2021 2673 1085.
2243 2656 2247 2661 2

385 2679 462 2709 altri,
475 2680 516 2712 gli
529 2681 648 2706 Annales
663 2681 838 2713 Cassiueaeses,
853 2680 882 2706 in
894 2682 936 2706 M.
955 2682 985 2707 G.
997 2683 1034 2707 H.
1047 2682 1106 2711 SS.,
1119 2682 1194 2713 XIX,
1208 2683 1274 2714 518:
1418 2682 1430 2699 ³
1448 2684 1577 2710 Durante
1590 2685 1722 2710 l’assedlo
1736 2685 1765 2709 di
1780 2684 1941 2716 Cefalonla,
1953 2684 1976 2709 11
1993 2689 2022 2716 17
2036 2683 2131 2718 lugllo
2145 2684 2222 2710 deno
2263 2710 2266 2722 >
2290 2719 2292 2722 ἡ

329 2728 360 2746 10
389 2719 554 2747 “Kalendas
579 2722 686 2753 martii,
712 2723 806 2748 noctis
832 2723 930 2754 initio,
955 2723 1037 2748 stella
1062 2724 1219 2750 clarissima
1245 2727 1273 2750 in
1331 2729 1420 2752 stesso
1441 2734 1517 2752 anno
1539 2726 1623 2760 1085:
1650 2726 1736 2753 Gun..
1762 2727 1863 2758 Arm„
1888 2726 1924 2757 V,
1949 2727 1998 2758 285
2025 2734 2102 2760 sgg.;
2126 2726 2220 2752 Auru
2240 2739 2244 2756 ¹.
2291 2743 2292 2750 ι

389 2762 549 2788 “circulum
567 2765 676 2798 primae
693 2764 779 2790 lunae
797 2766 925 2798 ingressa
943 2768 985 2790 est
995 2783 1019 2796 „,
1039 2773 1053 2790 e
1072 2765 1143 2792 Lus.
1163 2767 1275 2792 Ρκοτο-
1331 2767 1441 2800 Com-t„
1461 2768 1508 2798 VI.
1529 2768 1559 2798 6;
1582 2769 1701 2794 Chronia
1721 2769 1803 2793 breve
1821 2769 1973 2797 Nortman„
1993 2769 2031 2793 ad
2047 2776 2090 2794 an.
2111 2766 2189 2801 1085.
2241 2759 2265 2775 ’1

388 2810 522 2836 snm-AR„
541 2807 579 2830 ad
596 2815 655 2832 ann.
676 2805 759 2839 1085:
781 2806 885 2831 “tanta
906 2806 995 2831 fertur
1012 2808 1182 2840 grandinum
1202 2811 1276 2834 toni·
1421 2810 1431 2826 ⁴
1449 2810 1605 2836 Settembre
1624 2810 1670 2835 del
1693 2810 1769 2842 1085.
