2314 3418
50 306 53 307 ⁷
105 258 159 295 [Α.
177 259 272 293 10⁷9]
479 251 549 288 DE
577 251 742 290 REBUS
770 251 947 289 GESTIS
973 251 1191 288 ROGERII
1217 251 1428 288 COMITIS
1455 249 1566 288 ETC.
1886 249 1932 290 67

50 382 59 400 ἰ
106 375 193 408 mari
215 375 308 407 haud
322 374 436 418 longe,
452 375 612 408 anchoris
626 375 715 413 fixi-⁴1,
730 375 1000 418 conspiciuntur.
1046 375 1195 408 Nostrae
1218 380 1332 407 autem
1354 384 1472 415 naves,
1493 374 1714 407 armamentis
1737 373 1938 417 exportatis,

49 427 63 440 ³²
105 428 216 460 minus
237 433 336 460 erant
358 428 404 460 ad
427 429 667 471 exequendum
690 434 843 471 paratae.
887 427 1011 462 Comes
1034 434 1148 461 autem
1170 428 1348 466 latronem,
1372 428 1511 471 quinam
1542 427 1621 466 sint,
1636 437 1747 471 quave
1764 427 1808 460 de
1824 436 1938 465 causa,

103 481 160 514 vel
182 480 274 513 unde
297 480 424 520 hostes,
440 491 484 513 ne
501 491 545 514 an
560 491 684 524 pacem
698 472 876 524 portantes
890 481 1101 520 advenerint,
1117 481 1326 514 sciscitatum
1342 481 1466 518 mittit;
1482 480 1735 513 interminando
1751 479 1936 523 subjunxit,

50 527 65 581 'J‘
105 533 134 566 si
154 533 191 566 in
213 538 310 566 tanto
333 533 386 566 sui
404 533 492 577 juris
514 533 569 567 vel
593 534 766 567 modicum
789 534 874 578 quid
895 534 1040 578 injuriae
1063 534 1119 567 vel
1141 534 1318 577 fecissent,
1341 533 1395 566 vel
1410 533 1540 572 facere,
1555 538 1724 567 attentare
1740 543 1937 576 praesume-

45 582 53 605 ἕ·
104 591 194 627 rent,
216 596 384 629 nusquam
407 587 547 629 impune
571 598 592 620 a
613 597 651 620 se
674 588 825 621 evadere
848 597 960 631 posse.

55 638 58 641 ’
191 638 247 672 Ac
270 639 351 672 dum
373 639 423 672 nil
445 640 526 672 mali
548 640 714 674 adversus
736 651 788 680 ea,
812 651 901 684 quae
926 641 1000 674 eius
1020 641 1104 686 juris
1120 646 1227 679 erant,
1244 640 1307 673 sub
1323 639 1544 673 excusatione
1562 645 1597 672 et
1611 639 1838 672 obtestatione
1854 639 1938 683 legis

61 709 66 731 ς
103 703 186 726 suae
208 692 399 725 machinari
422 693 672 734 renuntiantur,
693 694 756 727 sed
777 694 890 736 potius
913 704 956 726 ex
979 694 1095 727 edicto
1116 694 1208 737 regis
1230 693 1397 732 Thimini‚
1419 699 1456 726 ut
1477 692 1622 725 infestos
1644 692 1773 735 piratas
1799 703 1820 724 a
1841 693 1937 732 mari,

0 754 1 778 ἦ
54 762 68 788 ‚2
103 745 133 779 si
152 745 399 785 invenirentur,
421 745 667 789 propellerent,
688 746 821 787 missos,
852 747 924 779 eius
954 747 1134 780 famulatui
1164 753 1209 786 et,
1239 746 1268 778 si
1297 756 1436 778 necesse
1466 746 1569 785 foret,
1600 745 1763 778 inservire
1790 752 1938 788 paratos,

55 813 77 818 -
102 798 207 842 primi
229 799 394 840 cuiusque
416 799 515 832 navis
535 799 582 832 ad
604 799 748 833 amicum
772 799 981 843 colloquium
1004 799 1199 838 invitantur,
1222 804 1260 832 ut
1281 799 1311 831 si
1334 798 1390 831 vel
1413 799 1517 837 victu,
1547 798 1603 830 vel
1632 798 1709 831 aliis
1731 798 1939 842 quibuslibet

55 892 59 898 ί
101 851 208 885 rebus
228 852 340 884 minus
361 851 567 885 sufficientes
590 858 713 892 essent,
737 852 809 885 eius
831 852 1067 886 munificentia
1090 852 1342 894 supplerentur.
1388 849 1460 888 Qui
1482 851 1564 884 dum
1593 851 1786 884 invitationi
1822 862 1938 884 assen-

66 922 69 923 ν
103 905 239 942 tientes,
260 905 404 937 foedere
426 910 596 948 suscepto,
619 905 785 938 advenire
807 911 981 949 pararent,
1003 916 1086 938 aura
1108 904 1281 937 contraria
1304 903 1517 947 insurgente,
1541 914 1646 936 naves
1669 914 1745 936 cum
1768 904 1851 947 ipsis
1873 914 1937 947 per

4 951 7 980 ‘ff
59 1002 63 1005 η
89 967 241 1001 aequora
261 957 392 1000 pulsae,
415 957 460 990 ab
481 957 607 992 intuitu
629 963 822 991 nostrorum
844 959 1000 1002 protinus
1021 963 1100 990 sunt
1123 958 1283 991 avulsae:

540 1027 600 1062 Sic
621 1040 702 1073 quos
722 1029 856 1069 invitat,
879 1029 997 1062 boreas
1017 1029 1173 1062 accedere
1195 1028 1302 1066 vitat;

628 1082 682 1115 Et
702 1083 792 1126 quod
810 1083 969 1123 promisit
989 1083 1083 1124 dare,
1106 1092 1148 1114 ne
1169 1082 1271 1114 daret
1291 1092 1379 1114 aura
1400 1082 1527 1114 recisit.

277 1166 410 1199 XVIII.
437 1184 474 1189 —
498 1165 548 1199 At
568 1177 674 1199 comes
695 1167 840 1199 intentus
852 1166 981 1210 fuerat
1001 1165 1117 1210 quibus
1139 1170 1215 1198 ante
1236 1170 1403 1199 retentus:
1992 1177 2067 1202 uun„
2083 1178 2119 1203 εει

587 1218 724 1251 Obsidet
744 1223 779 1251 et
798 1222 948 1263 pugnat,
971 1223 1117 1252 castrum
1139 1222 1206 1262 pro
1228 1222 1326 1262 posse
1348 1222 1528 1263 repugnat

500 1270 678 1305 Certamen
700 1272 823 1310 datur3
845 1282 952 1305 comes
973 1271 1037 1305 huc
1058 1272 1244 1316 persistere
1266 1277 1427 1305 conatur:

586 1324 754 1367 ,Quamvis
774 1335 858 1358 cura
879 1326 983 1369 ligat,
1007 1329 1118 1358 tamen
1139 1325 1227 1358 hunc
1247 1336 1304 1358 res
1326 1326 1420 1358 nulla
1432 1325 1589 1369 fatigat.

498 1378 614 1411 Instat
634 1382 669 1411 et
688 1378 854 1420 hortatur,
877 1378 984 1411 hostes
1005 1378 1133 1411 virtute
1155 1379 1330 1416 minatum

583 1431 667 1471 Dat,
689 1432 774 1464 dare
792 1432 987 1476 promittit:
1011 1431 1063 1464 nil
1082 1442 1145 1463 non
1167 1433 1324 1464 tentando
1347 1431 1501 1464 remittit.

498 1484 557 1518 Ad
577 1485 667 1528 quod
686 1485 888 1518 adhortatur
908 1485 1022 1527 socios,
1042 1485 1147 1529 prior
1169 1495 1238 1517 esse
1256 1485 1436 1529 probatur.

587 1537 670 1571 Cum
691 1539 737 1571 sit
757 1542 936 1579 certamen,
957 1542 991 1570 et
1002 1538 1182 1582 fratribus
1204 1549 1274 1571 esse
1295 1539 1455 1576 levamen,
2016 1549 2040 1572 c.
2053 1555 2103 1574 ,w

498 1590 586 1624 Ante
607 1601 681 1623 suos
693 1591 829 1635 fertur,
852 1602 926 1623 cum
947 1591 1138 1635 posteriore
1159 1590 1327 1635 refertur.

585 1644 728 1677 Primus
749 1644 797 1676 ad
815 1644 968 1677 excubias
993 1644 1151 1686 Othonus,
1175 1645 1264 1677 alter
1286 1644 1398 1684 Elias,

504 1696 642 1730 Tertius
662 1697 858 1742 Arisgotus,
889 1696 1066 1741 Jordanus
1088 1698 1209 1730 abinde
1230 1702 1377 1730 remotus

587 1751 674 1784 Esse
694 1752 884 1785 recusavit:
905 1752 1010 1784 socios
1030 1751 1113 1784 haec
1134 1762 1193 1784 ars
1214 1752 1390 1785 animavit.

497 1803 599 1836 Exiit
619 1804 774 1847 edictum,
797 1805 898 1838 liceat
918 1815 960 1837 ne
981 1814 1146 1848 quaerere
1167 1804 1313 1841 victumz

585 1855 643 1890 Sic
665 1857 895 1901 devincuntur,
918 1858 1029 1891 nostri
1046 1859 1190 1891 statione
1202 1857 1387 1901 fruuntur.

497 1909 530 1942 A
551 1910 672 1942 montis
693 1921 821 1954 magno
842 1911 1077 1955 prohibentur,
1099 1911 1288 1954 abundique
1309 1916 1447 1954 stagno.

586 1962 621 1996 A
641 1963 732 1996 nullo
752 1963 958 2002 subduntur3
978 1967 1060 2008 post
1079 1965 1199 1997 addita
1220 1965 1467 1997 deminuuntur.

503 2015 600 2049 Unde
611 2014 731 2060 fames
752 2017 871 2060 crevit,
895 2028 1098 2060 congressus
1119 2018 1161 2050 ab
1183 2017 1277 2050 hoste
1299 2018 1446 2061 quievit:

585 2069 765 2103 Decrescit
784 2070 903 2113 virtus,
925 2070 1026 2103 habet
1047 2070 1150 2103 hostis
1160 2071 1242 2114 jam
1264 2073 1377 2115 prope
1398 2071 1515 2103 victus.

499 2120 577 2156 Solo
598 2133 743 2162 securus,
766 2124 856 2167 quod
874 2124 992 2168 cingit
1011 2124 1198 2168 abundique
1220 2134 1346 2157 muruS.

590 2175 637 2209 Ut
658 2177 716 2209 det
737 2181 1084 2225 congressqucavet
1105 2182 1204 2210 extra
1214 2178 1338 2221 figere
1358 2187 1528 2220 gressum.

498 2228 626 2271 Deficit
645 2233 684 2262 ut
705 2230 817 2274 panis,
840 2229 988 2274 populus
1008 2234 1194 2274 superatur
1215 2231 1336 2263 manis.

584 2281 643 2316 Sic
664 2293 774 2316 comes
794 2283 934 2326 accitur,
957 2287 1069 2317 castro
1090 2286 1158 2328 pro
1179 2283 1264 2316 velle
1284 2284 1438 2328 potitum

497 2335 631 2369 Arbore
651 2336 711 2369 sub
733 2336 828 2369 lauri
846 2341 1034 2370 curvantur
1055 2338 1185 2370 moenia
1211 2336 1332 2370 Tauri.

585 2388 741 2422 Foedere
763 2388 922 2433 confecto,
945 2389 1035 2422 dolet
1054 2389 1157 2422 hostis
1178 2390 1215 2423 in
1236 2390 1330 2422 hoste
1350 2393 1506 2433 recept03

499 2440 570 2475 Sed
589 2442 741 2486 quamvis
761 2441 882 2486 doleat,
905 2453 971 2476 non
992 2443 1232 2475 dissimulando
1254 2442 1394 2481 revelat,

590 2495 661 2528 Cur
682 2495 795 2529 doleat
815 2496 948 2535 nostris,
971 2496 1051 2540 quia
1073 2497 1180 2529 laetus
1200 2500 1278 2530 erat
1295 2507 1374 2529 suus
1396 2496 1508 2528 hostis.

500 2547 543 2581 Si
561 2549 611 2582 sic
623 2547 774 2594 fortuna
795 2549 930 2583 divana
951 2550 1007 2592 sit,
1029 2554 1080 2582 est
1100 2554 1213 2582 tamen
1234 2560 1322 2582 una:

589 2602 668 2635 Illis
688 2602 735 2635 sit
756 2602 875 2644 tristis,
897 2603 1056 2646 gaudens
1077 2597 1295 2647 cognoscitur
1317 2603 1402 2636 istis.

502 2653 627 2688 Sextus
647 2659 725 2688 erat
745 2656 876 2698 mensis,
899 2666 964 2700 quo
976 2655 1143 2700 fervidus
1166 2657 1289 2689 eminet
1310 2657 1408 2689 ensis.

590 2708 745 2743 mbas
765 2708 892 2741 obsedit
911 2713 1066 2742 servente
1087 2709 1178 2742 leone
1199 2711 1337 2743 recedit.

74 2838 88 2845 ..
203 2824 226 2843 1.
244 2817 424 2842 armamenti,
441 2815 611 2850 exportatis]
637 2817 753 2842 armatis
778 2817 917 2850 expositis
936 2817 964 2843 P
980 2830 1013 2836 —·
1033 2823 1058 2843 2.
1078 2817 1202 2843 latrones
1222 2818 1286 2843 BD
1306 2831 1314 2836 -
1334 2816 1435 2850 quave]
1461 2824 1515 2848 qua
1540 2817 1604 2840 BD
1626 2828 1658 2834 —
1681 2822 1705 2847 3.
1732 2815 1777 2840 vel
1799 2814 1874 2839 unde
1898 2821 1947 2839 om.

85 2881 88 2882 γ
114 2858 180 2886 BD
191 2872 201 2878 -
213 2859 368 2885 advenlnnt
380 2859 553 2884 :el-citando
571 2860 689 2884 mittens
707 2859 772 2884 BD
788 2872 799 2878 ·
817 2860 933 2885 mittens
953 2860 978 2885 C
988 2873 1021 2878 ——
1034 2867 1087 2893 3-4.
1099 2860 1248 2894 subjunxit
1262 2860 1300 2893 si]
1314 2860 1360 2885 sed
1375 2860 1400 2884 si
1412 2860 1438 2883 B
1449 2872 1458 2877 -
1471 2859 1610 2883 attentare
1623 2854 1842 2890 praesumerent]
1856 2858 1948 2882 atten-

113 2901 208 2927 tarent
226 2901 288 2927 BD
306 2914 339 2920 -
358 2908 382 2935 5.
401 2901 560 2934 impunltus
578 2901 607 2926 P
622 2914 656 2920 —
675 2899 700 2928 8.
719 2899 791 2934 eius]
811 2901 900 2926 suine
919 2902 986 2927 BD
1003 2915 1014 2921 -
1030 2903 1058 2927 et
1076 2909 1125 2927 om.
1147 2903 1207 2928 PC
1235 2915 1263 2922 —
1282 2910 1307 2934 9.
1326 2902 1518 2927 invitarentur
1538 2901 1565 2925 B
1577 2901 1606 2924 D
1626 2913 1656 2918 —
1680 2906 1718 2924 ro.
1739 2898 1949 2932 magnificentia

82 2970 88 2976 ,
114 2942 179 2968 BD
203 2956 237 2963 —-
256 2949 297 2968 11.
315 2945 485 2976 appararent
503 2943 531 2968 P
547 2956 579 2961 —
603 2949 690 2975 1344·
709 2943 743 2968 In
762 2943 786 2969 C
807 2944 892 2975 qunti
914 2944 964 2969 due
987 2944 1113 2970 eoae-em
1137 2944 1239 2970 leonini
1263 2951 1325 2969 sono
1349 2944 1419 2969 uniti
1441 2943 1471 2967 ai
1493 2942 1618 2975 sega-nti
1639 2941 1686 2966 dal
1699 2944 1757 2973 cap.
1783 2942 1818 2966 X
1820 2941 1893 2966 Vll!
1915 2953 1948 2959 —

86 2976 90 2982 “
115 2990 158 3018 17.
175 2983 269 3017 datur]
287 2985 371 3011 durat
392 2984 416 3010 C
432 2998 442 3004 -
460 2985 608 3018 persistere
626 2983 758 3017 conatur]
778 2986 903 3019 perstare
920 2988 1000 3011 curat
1022 2985 1046 3010 C
1062 2999 1094 3004 —
1115 2993 1157 3019 ²4-
1177 2985 1319 3017 Othonusl
1346 2984 1503 3010 Crotonlus
1525 2984 1548 3009 C
1565 2998 1596 3001 —
1618 2982 1659 3008 26.
1681 2983 1727 3008 hic
1749 2984 1773 3008 C
1797 2997 1829 3000 —
1854 2989 1898 3015 30.
1923 2982 1948 3006 A

82 3022 86 3033 ³
115 3025 210 3061 nullo]
229 3027 310 3052 nullo
330 3027 354 3054 C
371 3040 380 3046 ·
400 3025 478 3060 post]
497 3028 576 3060 prius
598 3027 622 3052 C
656 3040 688 3045 —-
707 3034 750 3059 31.
770 3027 910 3060 requievit
930 3029 954 3053 C
971 3042 1004 3047 —
1023 3035 1066 3061 34.
1086 3027 1179 3061 cavet]
1199 3030 1281 3053 timet
1303 3029 1326 3051 C
