2320 3424
120 228 206 268 [ΔΑ.
224 230 460 266 9403840391
496 225 568 261 DE
596 223 764 260 REBUS
793 224 971 261 GESTlS
999 225 1218 262 ROGERII
1249 212 1463 263 COMITIS'
1490 227 1603 263 ETC.
1933 228 1970 262 ·9

64 375 66 377 ,
120 355 176 382 tus
198 354 234 381 et
256 359 443 391 prosperos
466 358 647 380 successus
669 347 823 380 eiusdem
847 347 950 379 villae
981 348 1176 381 futurorum
1208 350 1407 390 haeredum,
1439 350 1502 383 Dei
1533 350 1705 394 adjutorio
1736 357 1771 383 et
1801 360 1861 382 sua
1890 355 1975 382 stre-

121 402 264 441 nuitate,
286 401 457 445 gradatim
481 401 612 433 altioris
635 401 774 434 honoris
798 400 935 432 culmen
958 402 1206 435 scandentium.
1255 404 1344 435 Nam
1368 403 1549 436 ne'scimus
1572 409 1684 436 utrum
1706 404 1742 435 in
1757 403 1974 446 praeceden-

121 455 212 488 tibus
233 454 391 498 partibus
412 455 469 487 vel
493 461 590 488 certe
613 454 648 486 in
671 459 793 497 postea
817 454 942 486 futuris
965 455 1174 488 haeredibus
1198 462 1256 488 aut
1273 457 1375 488 etiam
1392 457 1427 489 in
1445 458 1597 500 utrisque
1614 457 1730 490 divina
1747 455 1975 500 providentia,

121 508 216 552 quod
238 508 303 541 sibi
326 508 496 551 placeret,
519 508 707 550 inspiciens
730 506 914 540 'haeredes
936 507 1029 549 ipsos
1052 507 1087 539 in
1111 514 1241 541 tantum
1258 511 1426 552 provexit,
1443 516 1491 548 ut,
1508 510 1596 543 sicut
1612 510 1775 543 Abrahae
1791 510 1974 552 repromis-

67 559 96 606 J⁵
119 571 194 594 sum
218 567 282 601 est,
304 561 340 593 in
363 567 504 605 gentem
528 571 689 604 magnam
712 565 910 593 crescentes
933 566 967 592 et
983 571 1080 592 suum
1098 561 1277 603 imperium
1294 563 1397 604 armis
1413 563 1604 601 dilatantes,
1621 563 1804 596 multarum
1820 563 1974 607 gentium

67 633 69 638 v
121 614 186 648 sibi
210 614 302 648 colla
323 614 555 654 subdiderint,
578 613 672 657 quod
694 614 858 656 paulatim
880 614 1146 656 perstringendo
1173 615 1251 647 stilo
1275 626 1533 659 prosequemur.

71 748 73 751 ,
208 712 269 745 IV.
296 730 336 736 -
360 712 444 744 Erat
467 712 566 744 miles
590 712 730 755 quidem
752 711 925 754 praeclari
948 712 1135 744 admodum
1158 713 1293 755 generis
1308 713 1329 753 ²,
1355 714 1424 755 qui,
1449 714 1491 746 ab
1516 715 1791 747 antecessoribus
1806 714 1876 747 suis
1891 715 1974 746 hae-

64 773 74 806 ζ’
121 766 287 799 reditario
309 767 385 810 jure
409 764 473 798 sibi
497 766 589 798 hanc
612 765 729 798 villam
759 764 914 797 relictam
946 764 1138 806 possidens,
1169 766 1376 798 Tancredus
1407 767 1556 805 nomine,
1589 768 1686 800 duxit
1716 778 1870 806 uxorem,
1901 778 1975 800 mo-

70 835 75 852 ae
119 818 215 852 ribus
230 825 266 852 et
287 829 415 863 genere
446 819 665 861 splendidam
696 819 886 857 mulierem,
901 818 1041 851 nomine
1058 818 1291 860 [Moriellam],
1307 831 1350 852 ex
1368 831 1435 862 qua
1452 821 1554 864 legali
1571 822 1791 854 successione
1809 832 1973 854 annorum

58 870 99 911 30
122 872 277 917 quinque
289 873 388 911 filios,
399 879 519 915 postea
534 873 670 905 futuros
686 872 840 911 comites,
853 872 1022 914 suscepit:
1039 871 1253 905 Willelmum
1267 873 1432 906 videlicet
1449 874 1657 916 cognomine
1675 874 1975 913 Ferrea-brachia,

58 931 69 967 ᾖ
119 926 328 970 Drogonem,
352 926 594 965 Humfredum,
619 925 836 958 Gaufredum
861 931 896 958 et
920 925 1112 958 Serlonem.

62 1015 69 1031 ἐ
208 979 343 1013 Horum
365 985 474 1012 matre
498 980 676 1017 defuncta,
700 990 777 1012 cum
799 979 876 1022 ipsa
897 985 994 1011 aetas
1016 978 1133 1012 adhuc
1157 979 1277 1012 viridis
1301 981 1391 1022 patri
1414 981 1664 1014 continentiam
1693 982 1891 1024 denegaret,
1924 982 1976 1014 vir

65 1055 67 1058 <
117 1034 282 1067 honestus
303 1033 503 1066 inhonestos
526 1033 638 1067 coitus
661 1032 863 1071 abhorrens,
889 1033 1061 1065 secundas
1089 1033 1229 1075 nuptias
1259 1033 1463 1072 celebravit,
1495 1035 1627 1067 malens
1657 1046 1725 1067 una
1757 1042 1791 1067 et
1822 1035 1975 1079 legitima

119 1096 196 1119 esse
231 1092 421 1124 contentus,
455 1097 559 1130 quam
593 1097 630 1119 se
665 1086 771 1119 foedo
805 1086 1079 1119 concubinarum
1106 1087 1267 1128 amplexu
1299 1087 1475 1125 maculari,
1507 1098 1636 1121 memor
1671 1088 1763 1120 illius
1797 1089 1977 1130 apostolici

52 1138 96 1178 ι-5
120 1138 223 1173 dicti:
260 1140 495 1183 Unusquisque
527 1140 676 1184 accipt'at
709 1150 849 1173 uxorem
884 1143 1032 1183 propter
1046 1139 1326 1182 ·form'cationem
1357 1141 1584 1179 devitandam,
1616 1148 1650 1174 et
1681 1141 1774 1184 quod
1804 1141 1975 1184 sequitur:

119 1193 362 1227 Form’catores
384 1198 418 1226 et
439 1194 611 1227 adulteros
621 1194 797 1237 judicabit
818 1193 922 1226 Deus.

207 1247 321 1280 Ducta
344 1258 426 1280 vero
450 1247 660 1280 Frensendis
684 1246 883 1286 vocabatur,
906 1247 1138 1290 generositate
1163 1253 1198 1279 et
1220 1248 1374 1280 moribus
1397 1249 1512 1290 priore
1529 1259 1598 1282 non
1614 1250 1768 1288 inferior,
1786 1260 1874 1292 quae
1891 1250 1973 1293 legi-

119 1300 210 1333 timis
231 1301 386 1333 terminis
420 1301 543 1333 marito
578 1307 710 1342 septem
740 1301 878 1342 peperit
910 1300 1008 1338 filios,
1039 1311 1108 1333 non
1139 1301 1281 1333 minoris
1312 1301 1414 1342 pretii
1441 1302 1496 1334 vel
1529 1303 1707 1346 dignitatis
1739 1314 1759 1334 a
1789 1303 1978 1345 praedictis

120 1353 292 1387 fratribus.
317 1365 461 1398 quorum
491 1354 631 1386 nomina
660 1353 902 1386 subtitulamus
933 1354 1008 1386 hic:
1036 1354 1167 1396 primus
1183 1354 1370 1392 Robertus‚
1387 1355 1503 1387 dictus
1518 1367 1538 1388 a
1554 1356 1735 1389 nativitate
1753 1356 1975 1395 Guiscardus,

119 1413 240 1450 postea
262 1409 367 1440 totius
391 1407 542 1450 Apuliae
565 1408 727 1450 princeps
751 1413 786 1440 et
809 1407 993 1440 Calabriae
1011 1408 1092 1446 dux,
1107 1408 1160 1440 vir
1176 1409 1291 1452 magni
1309 1409 1457 1448 consilii,
1474 1409 1617 1452 ingenii,
1634 1409 1804 1453 largitatis
1821 1417 1855 1442 et
1870 1410 1975 1441 auda-

119 1460 212 1499 ciae3
237 1462 412 1494 secundus
434 1461 635 1504 Malgerius,
660 1461 796 1493 'tertius
820 1460 1026 1501 Willelmus,
1056 1467 1199 1504 quartus
1221 1461 1427 1501 Alveredus,
1460 1462 1600 1506 quintus
1630 1462 1817 1501 Hubertus‚
1857 1470 1973 1495 sextus

119 1514 337 1552 Tancoedus,
361 1515 526 1557 septimus
549 1514 724 1558 Rogerius
746 1515 869 1553 minor,
892 1520 1015 1557 postea
1039 1515 1180 1548 Siciliae
1197 1515 1389 1548 debellator
1413 1522 1448 1548 et
1471 1526 1597 1548 comes.
1643 1516 1758 1549 Mater
1774 1527 1857 1549 vero
1873 1527 1976 1549 accu-

119 1568 288 1601 ratissime
313 1574 348 1600 et
370 1574 527 1601 materno
550 1568 684 1600 affectu
707 1569 795 1600 filios
817 1578 896 1600 suos
919 1568 1085 1608 nutriens,
1109 1575 1205 1601 tanto
1229 1579 1345 1601 amore
1370 1569 1471 1611 ipsos,
1499 1570 1557 1612 qui
1589 1579 1660 1601 non
1690 1570 1741 1601 sui
1774 1571 1835 1602 sed
1865 1571 1977 1602 mariti

119 1622 172 1654 sui
195 1632 239 1654 ex
260 1622 486 1664 praecedenti
509 1633 618 1655 uxore
642 1627 751 1659 erant,
774 1621 1060 1664 amplectabatur,
1083 1628 1121 1654 ut
1143 1622 1199 1654 vix
1223 1621 1432 1654 discer'nere
1448 1632 1578 1665 posses,
1596 1623 1660 1655 nisi
1677 1633 1719 1655 ex
1735 1623 1852 1666 aliqua
1869 1634 1973 1656 causa

46 1673 98 1708 :25
120 1674 314 1714 didicisses,
336 1675 414 1718 quis
436 1675 528 1707 filius
550 1675 606 1707 vel
629 1676 705 1718 quis
727 1685 796 1707 non
821 1675 909 1707 iilius
931 1675 1004 1707 eius
1028 1681 1135 1707 esset:
1160 1676 1253 1708 unde
1279 1682 1312 1708 et
1335 1687 1356 1707 a
1377 1676 1500 1708 marito
1523 1676 1601 1718 plus
1623 1676 1803 1709 amabatur
1826 1683 1859 1708 et
1875 1687 1895 1708 a
1912 1677 1976 1709 cir-

120 1728 420 1762 cummanentibus
441 1729 626 1771 plurimum
650 1727 925 1770 appretiabatur.
972 1728 1127 1761 Infantes
1151 1738 1244 1768 vero,
1268 1735 1306 1762 ut
1329 1736 1424 1762 aetas
1448 1729 1516 1761 illis
1538 1729 1809 1768 administrabat,
1826 1730 1977 1772 pueriles

117 1792 227 1816 annos
249 1782 546 1820 transcendentes,
570 1792 647 1814 cum
671 1782 740 1826 jam
765 1781 1049 1821 adolescentiam,
1073 1792 1160 1814 unus
1182 1789 1261 1825 post
1284 1783 1399 1821 alium,
1427 1783 1632 1826 attigissent,
1666 1790 1858 1825 coeperunt
1888 1784 1976 1815 mili-

117 1835 247 1869 taribus
270 1835 465 1878 disciplinis
487 1835 692 1875 adhaerere,
716 1845 883 1878 equorum
906 1841 941 1867 et
963 1846 1136 1868 armorum
1158 1836 1272 1868 studia
1296 1837 1531 1879 frequentare,
1554 1837 1726 1870 discentes
1742 1837 1873 1879 seipsos
1888 1838 1976 1870 tueri

121 1895 156 1922 et
178 1890 310 1923 hostem
334 1889 547 1933 impugnare.

49 1981 98 2021 ⁵30
208 1986 252 2020 V.
276 2005 318 2010 —
343 1986 415 2020 Sed
438 1996 517 2019 cum
540 1986 711 2026 viderent,
735 1986 859 2019 vicinis
882 1986 1022 2019 senibus
1046 1987 1296 2026 deficientibus,
1320 1988 1491 2021 haeredes
1515 1998 1632 2021 eorum
1666 1999 1728 2030 pro
1760 1989 1974 2021 haereditate

38 2033 44 2038 ⁰
117 2041 209 2074 inter
231 2051 267 2074 se
290 2040 453 2074 altercari
476 2047 511 2073 et
532 2047 670 2077 sortem,
695 2051 782 2083 quae
806 2041 918 2083 primo
943 2041 1001 2072 uni
1025 2047 1187 2079 cesserat,
1210 2041 1302 2074 inter
1324 2042 1440 2084 plures
1455 2042 1601 2075 divisam
1619 2042 1761 2086 singulis
1777 2042 1888 2074 minus
1903 2042 1974 2074 suf-

121 2094 237 2132 ficere,
271 2104 315 2126 ne
349 2093 460 2126 simile
495 2093 581 2136 quid
618 2092 683 2125 sibi
714 2094 749 2125 in
784 2098 961 2135 posterum
997 2093 1161 2132 eveniret,
1197 2094 1376 2127 consilium
1409 2095 1500 2126 inter
1535 2105 1572 2127 se
1607 2095 1736 2127 habere
1773 2101 1973 2137 coeperunt.

119 2147 249 2190 Sicque
271 2147 444 2180 communi
467 2147 622 2184 consilio,
648 2146 753 2190 [quia]
776 2146 887 2189 prima
918 2152 1015 2180 aetas
1038 2145 1137 2189 'prae
1154 2148 1302 2180 caeteris
1319 2146 1432 2180 adhuc
1448 2148 1638 2192 junioribus
1653 2148 1782 2190 primos
1797 2148 1905 2191 magis
1921 2158 1975 2179 ro-

44 2238 47 2242 ,
119 2201 274 2239 berabat,
297 2202 409 2243 primo
432 2201 545 2243 patria
568 2200 727 2244 digressi,
749 2211 813 2243 per
836 2200 973 2232 diversa
997 2201 1076 2233 loca
1099 2201 1292 2234 militariter
1316 2202 1448 2234 lucrum
1471 2208 1687 2244 quaerentes,
1712 2202 1851 2234 tandem
1884 2203 1976 2244 apud

30 2251 96 2303 ” 35
120 2255 294 2298 Apuliam,
319 2255 438 2287 Italiae
460 2254 687 2297 provinciam,
711 2254 787 2286 Deo
811 2264 848 2286 se
873 2255 1033 2292 ducente,
1058 2255 1325 2297 pervenerunt².

211 2374 234 2393 2.
254 2367 325 2392 Nam
343 2375 392 2392 om.
412 2368 439 2392 D
457 2381 490 2386 —
509 2366 536 2391 6.
554 2367 624 2392 stilo
642 2374 692 2392 om.
712 2368 775 2392 BD
795 2381 826 2385 -
848 2374 872 2398 7.
890 2367 1002 2400 generis
1022 2366 1083 2401 qui]
1100 2368 1221 2401 generis,
1240 2368 1431 2399 Tranchedus,
1454 2370 1532 2402 patre
1556 2371 1584 2393 et
1604 2371 1692 2393 matre
1717 2368 1900 2401 Gigligaycia
1919 2369 1971 2393 filii

121 2410 255 2443 quinque,
273 2410 323 2442 qui
340 2410 369 2434 D
391 2423 422 2427 —
442 2417 466 2442 9.
487 2409 613 2443 nobibm
632 2410 776 2434 mulierem
797 2410 830 2434 D.
867 2409 900 2434 In
925 2410 993 2434 tutti
1009 2411 1022 2434 i
1038 2410 1110 2435 codd.
1129 2418 1222 2435 muca
1239 2410 1265 2435 1⁴!
1281 2418 1354 2434 nome
1372 2411 1403 2435 dt·
1420 2411 1554 2436 Mursella.
1594 2412 1617 2435 Α
1640 2419 1652 2434 e
1673 2412 1703 2441 C,
1722 2418 1790 2434 come
1808 2412 1840 2441 P,
1861 2411 1975 2435 tusciano

121 2452 211 2485 altam
225 2455 298 2483 pono
316 2459 368 2476 uno
384 2452 471 2484 sputo
484 2453 519 2483 jn
538 2444 642 2479 Manca,
662 2452 688 2476 B
705 2459 718 2476 ε
735 2452 764 2476 D
782 2453 811 2476 vi
829 2455 950 2485 pongwno
974 2450 1158 2485 Gigligaycia
1177 2451 1224 2485 (B)
1250 2461 1262 2476 e
1283 2453 1363 2485 (iigii
1383 2453 1476 2485 gawia
1495 2452 1555 2485 (D),
1575 2453 1598 2476 le
1617 2453 1695 2484 quali
1708 2453 1800 2484 parole
1819 2460 1869 2477 non
1888 2453 1975 2476 hanno

34 2519 37 2526 k
119 2501 192 2519 sento
211 2507 243 2512 —
266 2501 307 2518 ιι.
320 2496 348 2519 et
360 2501 409 2519 om.
423 2494 448 2519 A
463 2494 486 2518 C
496 2508 528 2513 --
544 2500 585 2519 η.
605 2494 650 2518 vir
668 2501 717 2518 om.
731 2494 830 2519 PBD
841 2507 874 2512 -
892 2501 932 2526 ¹3·
952 2494 1106 2519 adhorrens
1120 2496 1148 2519 P
1159 2508 1190 2512 —
1209 2500 1248 2527 17.
1262 2494 1433 2519 Frendensis
1446 2495 1508 2519 BD
1528 2510 1550 2512 a>
1572 2495 1610 2519 18.
1625 2492 1766 2527 terminis]
1779 2495 1931 2528 triumphis
1945 2496 1974 2519 D

35 2567 38 2568 ,
75 2543 91 2571 ς
121 2549 134 2557 ·
153 2535 276 2570 peperit]
293 2536 465 2569 propagavit
482 2537 511 2561 D
529 2549 562 2554 —
585 2543 624 2569 19.
638 2537 732 2561 dictus
751 2544 768 2561 a
788 2538 942 2562 nativitate
955 2545 1003 2561 om.
1019 2537 1077 2561 ΡΑ
1093 2536 1115 2561 C
1126 2550 1158 2555 -—
1174 2543 1216 2562 21.
1229 2537 1399 2562 flambertus
1413 2539 1441 2562 P
1452 2551 1484 2555 -
1500 2544 1540 2562 22.
1555 2537 1655 2562 Sicilia
1669 2537 1817 2566 debellata,
1832 2536 1934 2562 Comes
1947 2538 1975 2562 D

37 2575 39 2579 '
120 2593 154 2598 —
174 2585 215 2612 25.
235 2578 311 2604 fliius
330 2586 388 2604 non
407 2581 480 2604 esset
497 2578 551 2604 cosi
571 2580 599 2604 P
614 2591 625 2597 -
644 2579 719 2603 unde
737 2577 776 2612 et]
793 2579 845 2603 cori
865 2579 923 2603 ΡΑ
936 2580 971 2608 C;
993 2586 1057 2604 nam
1070 2581 1098 2603 et
1118 2587 1132 2603 a
1154 2579 1216 2604 BD
1229 2592 1257 2597 —
1276 2578 1317 2604 26.
1334 2580 1514 2604 ministrabat
1535 2581 1562 2604 P
1578 2593 1610 2597 —
1631 2586 1672 2611 27.
1693 2580 1811 2604 alterum
1834 2579 1859 2604 D
1878 2593 1909 2597 —
1930 2587 1972 2612 30.

121 2621 222 2646 vident
241 2621 265 2646 A
279 2620 302 2645 C
319 2634 351 2638 ——
371 2628 414 2654 31.
433 2621 526 2653 primo
545 2628 595 2646 om.
614 2622 685 2646 Ρ-
699 2628 741 2654 32·
760 2622 788 2646 et
808 2629 842 2646 ne
860 2622 930 2654 quid
943 2621 1038 2646 simne
1052 2622 1118 2646 BD
1131 2635 1161 2639 —
1183 2629 1225 2654 33.
1243 2620 1418 2655 junioribus]
1437 2622 1595 2646 minoribus
1618 2622 1643 2645 l)
1660 2634 1671 2639 -
1690 2622 1798 2653 primos
1810 2628 1860 2646 om.
1880 2622 1938 2646 ΡΑ
1953 2621 1977 2645 C

123 2676 132 2682 ·
151 2663 286 2689 roborata
305 2664 381 2695 P,--
403 2670 445 2695 34.
465 2663 624 2688 militantes
646 2663 708 2688 BD
726 2676 759 2682 -
778 2670 821 2697 35.
841 2663 957 2688 ductore
976 2663 1042 2688 BD

37 2785 39 2789 ,
207 2759 214 2775 ¹
234 2761 258 2786 11
279 2761 318 2786 M.
336 2761 428 2786 esaita
442 2761 470 2786 la
490 2760 601 2786 nobiltii
621 2761 652 2786 dl
671 2761 813 2786 'raneredt
826 2761 1014 2786 d'Altavilia:
1160 2759 1170 2777 ²
1191 2762 1213 2786 11
1235 2762 1271 2786 M.
1292 2764 1353 2786 tace
1374 2762 1399 2786 le
1420 2761 1590 2794 migrszioni
1610 2768 1624 2785 e
1644 2761 1669 2784 le
1694 2761 1814 2792 imprese
1833 2761 1876 2785 dei
1898 2761 1969 2786 Nor-

26 2797 34 2831 ᾏ
60 2806 92 2826 ¹0
119 2802 284 2837 “praeclari
296 2803 450 2829 admodum
463 2805 606 2836 generis,n
620 2803 647 2828 le
660 2805 704 2829 cui
720 2804 884 2829 condizioni
900 2818 928 2822 -
942 2804 1016 2829 oltre
1071 2804 1168 2828 manni
1190 2804 1219 2828 ln
1239 2803 1326 2828 Italia
1346 2805 1565 2828 anteriormente
1584 2802 1641 2827 alla
1663 2803 1772 2827 ‹liscesa
1791 2803 1835 2827 dei
1862 2803 1968 2828 fratelli

117 2844 168 2869 che
188 2844 234 2869 nel
254 2852 316 2877 cap.
334 2844 386 2869 XL
404 2845 435 2869 dl
453 2846 554 2876 questo
574 2845 662 2869 Libro
684 2858 715 2862 —
735 2851 808 2869 sono
828 2852 915 2870 messe
934 2845 963 2870 in
979 2846 1015 2869 ri·
1070 2846 1222 2871 Altavilla.
1260 2847 1397 2871 'l'uttavia
1422 2846 1539 2877 qualche
1566 2851 1648 2876 passo
1675 2843 1730 2877 pub
1757 2845 1800 2869 far
1822 2846 1970 2870 intendere

118 2886 206 2919 llevo,
225 2895 279 2912 con
300 2887 399 2912 valore
418 2886 542 2919 dlverso‚
564 2887 599 2912 da
619 2886 693 2912 Οκυ.
720 2887 840 2915 νιτΑιιε,
866 2887 884 2911 l.
911 2887 943 2917 V¹
968 2888 1014 2912 dal
1071 2888 1100 2912 lo
1120 2888 1224 2921 spirito
1243 2894 1258 2912 e
1277 2888 1303 2912 la
1319 2888 1455 2912 condotta
1470 2887 1542 2911 delle
1560 2887 1728 2918 compagnle
1744 2894 1900 2911 normanne
1914 2887 1969 2919 prl-

23 2989 41 3003 r
116 2969 239 3002 (Remea
255 2971 300 2995 de:
317 2971 408 2995 histor.
429 2971 473 2995 des
493 2971 591 2995 Gauler
608 2974 633 2996 et
652 2972 684 2996 de
701 2971 813 3000 France,
838 2973 947 3005 rispett.
973 2967 1015 2997 to·
1070 2972 1189 3005 glielmo
1209 2972 1326 2996 Bracrio
1341 2973 1369 2996 di
1387 2973 1459 2995 ferro
1474 2971 1506 2995 ed
1522 2972 1528 2994 i
1545 2970 1651 2994 fratelli
1674 2971 1706 2994 ad
1722 2971 1923 2996 abbandonsre
1942 2972 1968 2996 la

5 3016 36 3047 ¹33·
59 3017 91 3047 1³
119 3019 165 3038 mo
184 3012 232 3043 XI.
251 3021 278 3046 p.
297 3013 359 3045 644,
377 3021 392 3037 e
412 3014 493 3038 tomo
512 3013 558 3042 ix,
584 3020 611 3046 p.
633 3012 704 3046 187).
1072 3017 1146 3039 terra
1168 3016 1257 3046 natta,
1278 3015 1297 3038 il
1330 3015 1363 3038 M.
1391 3015 1530 3038 concorda
1557 3021 1608 3036 con
1635 3014 1707 3037 (nm.
1729 3013 1852 3043 vrum,
1873 3014 1893 3043 Ι,
1918 3014 1967 3038 88:

121 2927 266 2954 Chamon
284 2928 484 2954 Mallem-emec
499 2929 535 2953 da
548 2927 642 2954 Gucr..
661 2935 692 2953 121
712 2929 925 2958 ΜΑιΜκεΒυκγ,
946 2929 1015 2954 Ι.ΙΙΙ
1072 2938 1116 2955 ma
1138 2930 1183 2954 del
1212 2936 1287 2962 1040.
1326 2929 1443 2958 Quanto
1467 2931 1491 2953 ai
1515 2930 1615 2953 motivi
1637 2929 1686 2953 che
1713 2929 1887 2954 costi-insero
1912 2929 1970 2954 Gu-
1998 2937 2031 2954 20

2049 1634 2080 1659 D,
2095 1640 2142 1658 ρον
