2320 3424
693 962 892 1004 INCIPIT
924 962 1066 1004 LIBER
1098 961 1396 1004 SECUNDUS.

209 1138 246 1172 Si
269 1139 446 1182 quaeritur
468 1139 573 1181 quod,
596 1137 757 1171 Calabria
781 1138 837 1171 vel
859 1137 1000 1181 Apulia,
1023 1138 1093 1181 jam
1117 1147 1161 1170 ex
1182 1143 1282 1179 parte
1306 1147 1377 1170 non
1401 1143 1513 1170 autem
1545 1148 1588 1170 ex
1618 1144 1702 1177 toto,
1735 1158 1776 1163 —-
1800 1146 1965 1183 quantum
2030 1151 2106 1175 Mum,
2122 1151 2161 1175 5⁶0

119 1191 166 1224 ad
189 1202 230 1224 ea
253 1202 341 1235 quae
363 1191 400 1224 in
422 1191 472 1223 eis
494 1191 590 1223 facta
611 1197 690 1223 sunt
713 1209 754 1214 —
780 1191 975 1233 descriptis,
999 1190 1091 1233 apud
1114 1190 1269 1224 Siciliam
1292 1190 1532 1223 describentes
1561 1190 1800 1232 'transeamus‚
1828 1193 1964 1233 iterum,
2043 1204 2129 1227 C,11r

28 1286 30 1293 γ
119 1244 216 1288 quasi
239 1245 490 1288 digressionem
512 1244 694 1282 facientes,
718 1244 762 1277 ad
786 1244 935 1277 eundem
950 1244 1064 1276 stilum
1086 1244 1275 1283 reducturi,
1291 1244 1472 1276 sciendum
1490 1250 1542 1277 est
1557 1246 1651 1288 quod
1668 1257 1895 1290 unaquaeque
1912 1257 1968 1280 res

16 1297 18 1314 ³
76 1297 95 1330 5
117 1296 350 1331 describenda
371 1308 469 1329 suum
494 1296 619 1336 locum,
643 1302 807 1340 quantum
830 1297 876 1329 ad
898 1302 1035 1339 tempus
1057 1307 1127 1340 quo
1152 1296 1262 1330 'facta
1285 1303 1348 1336 est,
1373 1297 1490 1341 exigit,
1513 1304 1551 1330 ut
1573 1299 1716 1331 rationis
1740 1300 1847 1332 series
1869 1306 1965 1333 recto
2043 1306 2072 1329 D.
2089 1311 2134 1330 ρον

25 1342 27 1347 ⁴
119 1352 256 1384 tramite
277 1356 430 1390 testatur,
454 1356 492 1383 ut
514 1361 604 1395 quae
625 1350 742 1393 priora
765 1350 859 1383 facta
889 1356 978 1390 sunt,
1009 1351 1234 1393 praecedant,
1265 1361 1355 1394 quae
1386 1360 1472 1383 vero
1503 1352 1695 1393 posteriora
1726 1352 1967 1396 subsequendo

120 1404 373 1438 describantur.

207 1458 334 1491 Comes
357 1459 449 1491 enim
473 1457 656 1502 Rogerius,
680 1468 758 1491 cum
781 1459 929 1501 primum
952 1458 1108 1491 Siciliam
1130 1458 1367 1491 debellaturus
1390 1468 1548 1502 egressus
1571 1466 1631 1498 est,
1648 1471 1739 1503 quae
1756 1461 1850 1503 apud
1866 1462 1969 1495 Cala-

118 1511 230 1545 briam
252 1511 414 1550 habebat,
437 1521 508 1544 non
532 1511 704 1553 deseruit;
728 1511 801 1550 sed,
824 1522 902 1544 cum
927 1511 1166 1554 opportunitas
1189 1511 1362 1555 exigebat,
1390 1512 1546 1545 exercitu
1576 1513 1613 1545 in
1642 1513 1799 1546 Siciliam
1828 1515 1967 1547 interim

25 1563 28 1566 ”
58 1565 96 1597 10
119 1565 273 1603 dimisso,
297 1564 371 1607 ipse
393 1565 440 1597 ad
462 1575 523 1597 sua
546 1565 684 1608 negotia
707 1565 927 1607 disponenda
947 1564 1095 1598 redibat.
1141 1565 1344 1597 Multotiens
1367 1566 1469 1598 etiam
1501 1566 1583 1599 duci
1606 1566 1707 1599 fratri
1731 1567 1895 1600 auxilium
1921 1568 1968 1600 la-

120 1624 226 1659 turus,
248 1618 306 1651 vel
330 1624 424 1651 certe
446 1618 485 1651 in
507 1617 694 1661 majoribus
715 1623 751 1651 et
774 1618 887 1651 dubiis
908 1618 1010 1651 rebus
1033 1618 1214 1652 consilium
1230 1619 1382 1658 daturus,
1397 1625 1435 1651 ut
1449 1624 1606 1652 strenuus
1621 1619 1720 1653 miles
1736 1626 1770 1653 et
1785 1621 1838 1653 vir
1853 1622 1969 1666 magni

120 1672 267 1712 consilii,
289 1672 325 1704 in
347 1671 515 1715 Apuliam
537 1682 645 1716 usque
668 1672 845 1705 transibat.

209 1779 235 1812 I.
260 1797 301 1803 —
325 1778 607 1823 Elegantissimus
628 1778 737 1823 igitur
757 1779 894 1823 juvenis
917 1789 1034 1813 comes
1057 1778 1252 1819 Calabriae,
1275 1780 1461 1824 Rogerius,
1485 1791 1564 1813 cum
1593 1781 1689 1824 apud
1715 1781 1866 1825 Regium
1890 1791 1970 1814 cum

119 1833 227 1866 fratre
250 1833 351 1873 duce,
379 1838 452 1866 tota
473 1832 636 1866 Calabria
659 1832 844 1872 debellata,
868 1839 1073 1874 moraretur,
1098 1833 1255 1866 Siciliam
1277 1834 1494 1867 incredulam
1518 1834 1672 1875 audiens,
1704 1842 1739 1868 et
1767 1834 1968 1868 brevissimo

24 1903 27 1920 s
58 1887 96 1919 15
120 1886 206 1920 mari
227 1886 428 1929 interposito
452 1896 496 1919 ex
511 1886 668 1929 proximo
684 1887 834 1924 intuens,
849 1893 887 1920 ut
901 1897 1040 1930 semper
1055 1887 1296 1921 dominationis
1311 1888 1434 1921 avidus
1449 1894 1534 1927 erat,
1550 1888 1738 1922 ambitione
1754 1889 1969 1932 adipiscendi

121 1949 197 1972 eam
221 1945 344 1983 captus
365 1945 428 1979 est,
451 1939 522 1972 duo
544 1939 610 1972 sibi
633 1940 787 1982 proficua
809 1946 982 1982 reputans,
1006 1939 1139 1974 animae
1161 1940 1296 1974 scilicet
1319 1947 1354 1974 et
1377 1942 1543 1984 corporis,
1565 1942 1594 1974 si
1617 1948 1754 1981 terram,
1777 1942 1880 1975 idolis
1908 1943 1969 1976 de-

121 1993 240 2033 ditam,
263 1992 309 2026 ad
332 1993 460 2026 cultum
483 1993 638 2025 divinum
660 1999 854 2032 revocaret,
877 1999 911 2026 et
933 1994 1068 2027 fructus
1090 1994 1147 2027 vel
1170 1994 1326 2027 redditus
1349 2001 1472 2034 terrae,
1496 2005 1583 2039 quos
1613 2006 1699 2039 gens
1729 1996 1805 2028 Deo
1836 1996 1970 2039 ingrata

119 2045 186 2079 sibi
205 2053 443 2089 usurpaverat,
466 2047 550 2089 ipse,
574 2047 608 2079 in
631 2046 700 2079 Dei
723 2047 863 2080 servitio
887 2047 1156 2090 dispensaturus,
1179 2049 1419 2091 temporaliter
1441 2049 1644 2092 possideret.

207 2100 306 2133 Haec
329 2110 447 2133 secum
470 2101 586 2133 animo
609 2100 803 2140 revolvens,
826 2111 955 2139 eorum,
979 2101 1025 2134 ad
1048 2112 1136 2144 quae
1160 2101 1312 2134 animum
1336 2101 1551 2141 intendebat,
1575 2113 1642 2136 non
1659 2104 1779 2136 tardus
1795 2110 1968 2143 executor,

32 2185 34 2187 ,
54 2156 97 2187 20
120 2164 199 2187 cum
222 2153 404 2197 sexaginta
425 2159 557 2186 tantum
580 2153 756 2193 militibus,
778 2154 1068 2196 periculosissimo
1091 2155 1248 2198 quamvis
1278 2155 1377 2188 brevi
1407 2156 1534 2199 pelago
1565 2156 1656 2189 inter
1679 2157 1820 2190 Scillam
1845 2163 1879 2189 et
1902 2157 1970 2190 Ca-

21 2203 23 2206 ⁴
119 2206 246 2240 ribdim
268 2207 438 2241 navaliter
459 2218 536 2240 sese
559 2207 788 2248 committens,
811 2207 965 2240 Siciliam
989 2208 1146 2251 explorat
1168 2214 1203 2242 et
1226 2210 1340 2253 gentis
1363 2219 1446 2243 suae
1477 2210 1631 2243 militiam
1662 2215 1829 2243 tentatum
1857 2216 1970 2244 trans-

121 2260 271 2293 meando
293 2260 399 2293 vadit.

208 2314 272 2347 Est
294 2313 421 2357 portui,
445 2325 514 2357 quo
538 2314 792 2357 applicuerunt,
817 2315 986 2358 populosa
1001 2315 1122 2348 civitas
1136 2316 1307 2359 proxima,
1323 2327 1424 2360 quae,
1439 2329 1461 2350 a
1476 2328 1577 2350 messe
1593 2317 1800 2351 vocabulum
1816 2317 1967 2357 trahens,

121 2385 164 2391 —
187 2378 230 2400 eo
252 2367 345 2411 quod
368 2367 471 2400 totius
485 2367 638 2410 regionis
652 2377 790 2406 messes,
802 2373 970 2411 quantum
985 2368 1155 2402 Romanis
1169 2369 1206 2402 in
1221 2369 1384 2402 tributum
1400 2371 1586 2414 antiquitus
1598 2371 1870 2414 persolvebatur,
1887 2371 1969 2404 illuc

56 2419 98 2453 25
121 2421 327 2465 congregari
349 2421 483 2454 solebat
506 2440 547 2445 —-
563 2420 725 2454 Messana
746 2427 869 2454 vocata
896 2427 958 2454 est.
1004 2422 1114 2455 Huius
1130 2423 1224 2456 urbis
1240 2423 1344 2463 cives,
1360 2434 1506 2466 quorum
1521 2425 1671 2467 plurima
1686 2424 1869 2458 multitudo
1887 2431 1971 2464 erat,

28 2477 33 2481 ’
121 2475 238 2508 hostes
259 2485 340 2508 suos
361 2475 447 2507 fines
467 2475 658 2517 pervasisse
683 2482 944 2519 cognoscentes,
966 2476 1151 2518 plurimum
1174 2477 1358 2521 indignati,
1382 2478 1531 2511 maxime
1554 2479 1649 2522 quod
1672 2489 1802 2521 paucos
1825 2489 1970 2511 numero

122 2527 301 2567 videbant,
324 2527 418 2561 urbis
439 2533 558 2571 portas
580 2528 729 2562 maximo
753 2529 884 2572 impetu
907 2529 1140 2572 prosilientes,
1163 2529 1256 2572 ipsos
1279 2537 1488 2574 occupatum
1506 2532 1636 2565 vadunt
1649 2531 1668 2564 ¹.
1715 2531 1827 2564 Porro
1844 2542 1971 2570 comes,

214 2646 237 2665 2.
257 2642 407 2672 quaeratur
426 2647 511 2672 quare
530 2640 581 2665 cosi
598 2640 664 2666 BD
683 2653 716 2659 —
735 2647 759 2672 3.
780 2641 936 2665 transimus
954 2641 1018 2666 BD
1038 2655 1068 2658 —
1083 2648 1138 2674 4-5.
1152 2642 1186 2666 ad
1200 2642 1320 2667 eundem
1332 2662 1338 2667 .
1351 2662 1356 2667 .
1368 2662 1373 2667 .
1386 2662 1391 2667 .
1405 2650 1449 2667 res
1461 2651 1509 2668 om.
1522 2643 1547 2666 Ρ
1558 2657 1590 2660 -
1605 2649 1628 2675 5.
1643 2643 1718 2667 facta
1732 2646 1806 2673 sunt,
1819 2644 1913 2676 exigIt
1927 2650 1970 2668 ra-

125 2682 216 2707 tionIs
234 2681 286 2707 cosi
297 2682 324 2706 P
333 2696 365 2701 —
378 2681 403 2707 6.
413 2684 540 2707 textatur
559 2683 587 2707 P
596 2684 620 2708 C
629 2696 637 2701 -
650 2685 716 2708 sunt
726 2699 734 2707 .
744 2700 751 2707 .
762 2702 767 2707 .
778 2699 786 2708 .
800 2681 971 2717 posteriora]
986 2685 1083 2716 priora
1095 2684 1167 2709 fiunt
1181 2686 1208 2709 et
1221 2692 1291 2717 quae
1305 2687 1464 2717 posteriora
1476 2686 1539 2710 BD
1553 2699 1585 2703 —
1599 2684 1623 2710 8.
1636 2692 1784 2718 aggressus
1801 2685 1824 2709 C
1836 2699 1867 2703 —
1881 2693 1906 2718 9.
1921 2686 1969 2710 sed

124 2731 174 2750 om.
186 2724 251 2750 BD
269 2738 301 2742 —
323 2731 362 2756 13.
383 2723 522 2757 Rogerius
547 2732 596 2750 om.
621 2725 647 2750 Ρ
669 2739 701 2743 -
730 2724 769 2750 16.
794 2727 822 2750 et
847 2725 904 2750 duo
930 2726 994 2750 BD
1013 2739 1021 2744 -
1041 2726 1180 2759 deputans
1200 2727 1246 2750 Ρ·
1261 2727 1372 2752 scillcet
1384 2735 1432 2752 om.
1447 2728 1511 2752 BD
1523 2741 1556 2745 —
1571 2734 1660 2752 20-21.
1673 2727 1796 2759 Scyllam
1810 2729 1838 2752 et
1851 2727 1971 2753 Charib-

125 2765 185 2791 dim
203 2766 230 2791 P
246 2781 277 2786 —
297 2773 386 2791 zt—n.
406 2766 581 2791 transeundo
599 2767 626 2791 B
645 2781 676 2785 —
697 2773 738 2799 24.
757 2767 788 2791 in
807 2767 947 2793 tributum
960 2768 1161 2800 persolvebant
1172 2776 1220 2794 om.
1235 2770 1298 2794 BD
1311 2783 1342 2789 -
1358 2776 1446 2803 24-25.
1461 2770 1529 2794 illuc
1544 2770 1711 2802 congregari
1725 2770 1835 2794 solebat
1847 2777 1896 2795 om.
1910 2770 1973 2795 BD

31 2858 39 2886 '⁴
81 2861 95 2888 5
212 2852 219 2869 ⁴
239 2853 345 2884 Questa
365 2855 548 2889 rapidissima
574 2857 739 2881 incursione
764 2856 810 2881 del
835 2858 918 2881 conte
943 2856 1017 2889 Rug-
1072 2858 1156 2883 Nella
1176 2860 1264 2884 stesso.
1283 2859 1318 2883 N.
1336 2859 1370 2884 R.
1388 2859 1424 2890 S.‚
1445 2858 1497 2882 vn
1518 2857 1619 2890 (1923),
1644 2866 1692 2891 pp.
1719 2863 1751 2890 57
1778 2866 1846 2892 sgg.,
1872 2859 1908 2884 cf.
1936 2859 1971 2884 N.
2003 2866 2035 2884 xo

34 2901 37 2907 ·
122 2897 201 2930 giero
214 2897 400 2922 sull’estremo
414 2898 507 2923 lembo
521 2897 595 2922 della
608 2897 709 2923 Sicilia
722 2897 737 2923 ὲ
756 2898 801 2923 del
824 2898 898 2923 1060.
935 2898 1015 2924 Sulla
1071 2899 1234 2929 Ronouco.
1254 2901 1282 2926 ΙΙ
1298 2899 1513 2932 Municipem-mo
1531 2899 1602 2924 mlta
1619 2901 1788 2934 ,νεανίσχ’-ηιμ
1800 2901 1925 2926 siciliam
1945 2901 1972 2933 (a

123 2939 316 2973 popolazlone
335 2940 363 2964 dl
384 2940 508 2965 Messina
528 2942 686 2965 attrsverso
705 2941 715 2965 l
741 2940 828 2966 secoli
854 2941 890 2966 ha
915 2942 1016 2967 scritto
1068 2944 1200 2974 proposito
1225 2942 1295 2967 dalla
1322 2942 1441 2966 “Brevis
1463 2942 1574 2966 historia
1598 2941 1763 2968 liberationis
1787 2942 1923 2968 Messanae
1934 2943 1972 2976 „)‚

124 2983 327 3007 recentemente
345 2980 379 3007 G.
400 2982 503 3011 ΡΑιωῐ,
523 2982 615 3007 storia
633 2982 818 3015 demografiea
836 2983 866 3007 di
888 2978 1018 3012 Mentha,
1072 2984 1170 3009 studio
1190 2985 1241 3009 che
1259 2983 1316 3018 Ριιὸ
1330 2991 1418 3009 essere
1433 2985 1462 3008 in
1477 2984 1596 3016 qualche
1610 2984 1696 3009 modo
1715 2985 1788 3010 utile
1807 2992 1856 3018 per
1874 2985 1970 3018 quello

126 3023 156 3048 ln
176 3023 301 3049 Nuovn
323 3023 474 3049 Rlvlsta
493 3023 652 3053 Stoi-ica,
672 3022 818 3057 V(1921),
840 3032 887 3058 pp.
907 3031 938 3058 72
959 3033 1019 3058 sgg.
1075 3027 1126 3051 che
1145 3029 1191 3059 qui
1212 3027 1244 3052 ed
1268 3029 1295 3051 in
1317 3028 1427 3059 seguito
1447 3027 1471 3051 si
1490 3024 1562 3051 dira.
