2314 3418
53 197 55 202 ¹
103 228 155 263 [Α.
176 227 268 263 ιοει]
472 222 543 257 DE
571 221 738 258 REBUS
768 221 944 258 GESTIS
971 221 1190 257 ROGERII
1218 219 1430 257 COMITIS
1459 219 1573 255 ETC.
1894 215 1941 256 73

103 350 167 383 tur,
191 344 420 387 expostulant.
465 344 606 388 Sicque,
629 343 752 377 nostris
787 345 881 388 quod
915 343 1125 386 expetebant
1160 343 1354 377 inconsulte
1387 341 1671 382 concedentibus,
1704 346 1877 374 certamen
1900 342 1947 374 ad

104 397 254 431 invicem
275 396 454 430 scinditur.
500 397 618 430 Nostri
639 397 676 430 in
699 403 836 440 portum
859 409 955 430 suum
979 402 1207 430 revertuntur.

189 450 307 483 Nostri
329 451 456 493 itaque,
480 451 669 484 deditionis
691 450 780 483 falsa
802 450 1053 493 pollicitatione
1076 450 1196 490 delusi,
1219 459 1283 492 per
1305 455 1410 482 totam
1433 455 1582 489 noctem,
1606 449 1702 492 quasi
1732 450 1801 493 jam
1833 448 1947 481 hostes

11 537 13 541 ,
102 503 412 546 triumphavissent,
436 504 634 547 gloriantes,
658 503 740 536 dum
762 514 871 547 usque
894 502 928 534 in
953 503 1137 535 crastinum
1161 503 1313 535 securius
1336 503 1515 541 sustinent,
1539 501 1723 535 Venetiani
1738 512 1842 534 naves
1857 511 1947 539 suas,

11 546 33 599 ⁵.
61 556 79 590 5
101 555 256 600 pluribus
279 557 525 590 commeatibus
548 563 763 600 aggregatas,
793 562 964 590 nocturno
995 556 1131 588 silentio
1162 554 1385 588 exonerando
1416 555 1604 598 levigantes
1634 560 1669 588 et
1691 555 1726 586 in
1756 554 1947 587 summitate

34 604 45 646 Ϊ,
101 608 184 641 mali
205 609 473 653 uniuscuiusque
498 609 592 642 navis
615 609 736 641 solium
761 609 918 647 duorum,
941 608 996 641 vel
1018 609 1120 641 trium
1145 608 1317 641 hominum
1340 613 1413 641 arte
1437 613 1693 650 componentes,
1709 607 1947 650 lapidibusque

32 650 46 700 Ιχ
102 667 139 695 et
159 661 238 704 pilis
261 662 306 693 ad
326 662 514 706 jacendum
538 662 741 700 munientes,
764 672 840 694 sese
864 661 909 693 ad
932 661 1173 694 defensionem
1195 661 1308 703 potius
1332 671 1433 703 quam
1457 660 1502 692 ad
1524 660 1738 693 deditionem
1762 666 1891 702 aptant.

42 710 48 762 ’Ἢ
190 714 270 747 Dux
291 725 386 753 vero,
410 715 481 748 doli
504 716 657 759 ignarus,
679 726 810 748 summo
833 714 986 747 diluculo
1008 714 1219 757 potentiores
1241 714 1412 746 exercitus
1435 714 1497 753 sui,
1521 713 1580 756 qui
1605 723 1665 746 eos
1688 714 1828 756 seipsos,
1858 714 1948 746 sicut

12 785 14 792 =
102 767 343 811 promiserant,
366 768 534 801 dedentes
554 768 780 811 susciperent,
804 768 952 806 mittens,
976 767 1081 799 salvis
1103 766 1270 805 omnibus,
1295 777 1383 809 quae
1406 767 1557 809 ipsorum
1581 773 1690 806 erant,
1711 776 1820 810 usque
1845 766 1889 799 ad
1911 777 1947 799 se

34 815 82 865 '3ss
104 820 277 854 deducere
300 821 483 864 praecipit.
530 821 602 855 Sed
625 820 812 854 Venetiani
833 820 969 858 nostris,
992 821 1037 852 ad
1059 831 1096 852 se
1119 819 1350 858 venientibus,
1374 830 1468 851 arma
1483 819 1596 862 potius
1622 830 1723 862 quam
1739 819 1948 852 deditionem

104 878 325 913 ostentantes,
359 872 439 906 dum
470 884 596 918 magno
626 873 757 916 impetu
787 883 907 905 versus
935 873 1030 915 ipsos
1063 877 1273 916 grassantur,
1304 871 1439 910 nostris,
1472 873 1555 915 quia
1584 872 1778 914 improvide
1809 882 1949 914 proces-

57 939 59 941 *
103 925 244 964 serant',
280 932 456 959 certamen
493 926 758 965 declinantibus,
790 926 855 969 ipsi
871 965 876 971 ¹
890 926 926 958 in
955 931 1091 967 portum
1122 926 1354 957 Duracensem
1386 925 1431 957 ad
1464 925 1685 968 ignominiam
1718 926 1948 969 damnumque

103 984 296 1012 nost-rorum
319 979 461 1023 impune
483 980 670 1023 applicant.
716 979 844 1022 Sicque
860 978 1060 1011 facultatem
1075 978 1219 1010 liberam
1234 977 1355 1010 urbem
1371 978 1591 1021 ingrediendi
1610 978 1786 1017 habentes,
1801 978 1950 1011 vicissim

50 1025 56 1028 ³
103 1037 228 1065 nautae
250 1032 492 1066 urbicensibus
514 1038 551 1066 et
571 1032 772 1065 urbicenses
796 1032 908 1064 nautis
932 1031 1176 1067 consulantuss
1201 1030 1419 1073 invicemque
1443 1041 1508 1073 per
1530 1036 1636 1064 totam
1661 1031 1752 1064 diem
1770 1031 1948 1064 eonsilium

41 1083 82 1130 „5
105 1091 294 1128 captantes,
317 1085 395 1129 plus
417 1086 529 1118 minus
544 1097 566 1118 a
588 1085 774 1118 medietate
797 1084 910 1117 noctis
931 1089 1116 1122 transacta,
1141 1083 1204 1116 sub
1219 1084 1353 1125 pallore
1378 1084 1478 1116 lunae
1501 1090 1696 1122 armantur3
1721 1083 1950 1127 navibus'que

104 1138 205 1172 litore
230 1139 334 1172 citius
371 1140 503 1178 amotis,
526 1138 684 1172 buccinis
712 1138 968 1180 concrepando,
993 1137 1117 1169 nostris
1140 1142 1315 1170 certamen
1347 1137 1474 1169 offerre
1506 1137 1792 1181 progrediuntur:
1827 1138 1949 1182 quibus

105 1192 223 1232 nostri,
247 1198 415 1226 certatum
438 1198 672 1231 occurrentes,
688 1192 855 1225 acerrime
871 1191 1044 1234 utrimque
1061 1190 1298 1234 congreditur.
1344 1190 1415 1223 Sed
1432 1191 1481 1223 illi
1497 1191 1682 1224 artificiose
1706 1192 1832 1235 ignem,
1849 1203 1949 1236 quem

39 1255 48 1292 'j'
99 1255 268 1289 graecum
291 1245 479 1289 appellant,
495 1245 555 1289 qui
578 1254 643 1277 nec
666 1254 755 1287 aqua
777 1243 998 1287 extinguitur,
1014 1243 1159 1276 occultis
1174 1243 1362 1275 fistularum
1378 1243 1548 1276 meatibus
1562 1243 1624 1276 sub
1640 1244 1740 1276 undis
1755 1244 1950 1286 perflantes,

40 1314 50 1342 ¹1⁷
105 1299 278 1342 quandam
301 1309 424 1332 navem
448 1299 491 1331 de
515 1298 650 1336 nostris,
674 1308 776 1340 quam
798 1301 923 1329 cattum
946 1296 1132 1334 nominant,
1157 1296 1275 1329 dolose
1299 1295 1388 1328 inter
1410 1297 1502 1339 ipsas
1523 1296 1648 1340 liquidi
1663 1298 1819 1339 aequoris
1841 1298 1951 1331 undas

46 1361 53 1370 ’·
106 1351 320 1385 comburunt.
365 1352 437 1385 Sed
459 1351 577 1390 nostri,
600 1350 682 1384 dolo
705 1351 855 1394 cognit0,
878 1350 974 1382 facto
997 1350 1141 1392 impetu,
1165 1349 1267 1382 aliam
1290 1360 1414 1382 navem
1437 1349 1482 1382 de
1505 1351 1575 1382 suis
1598 1360 1665 1382 non
1689 1350 1826 1384 minoris
1848 1351 1952 1393 pretii

58 1422 60 1424 v
104 1404 244 1448 penitus
265 1405 302 1437 in
324 1415 418 1438 mare
441 1403 675 1448 submergunt.
720 1402 861 1446 Sicque,
885 1403 1012 1436 damno
1029 1409 1151 1435 contra
1174 1402 1336 1434 damnum
1359 1403 1560 1445 composito,
1576 1403 1651 1446 pari
1668 1403 1798 1436 ultione
1814 1404 1953 1436 facilius

105 1458 229 1498 fertur,
251 1458 376 1491 nostris
396 1458 513 1500 itaque
537 1456 858 1490 exhorrescentibus
881 1455 996 1489 dolum
1027 1455 1191 1498 ipsorum,
1222 1455 1307 1498 ipsis
1339 1461 1452 1488 autem
1483 1456 1719 1489 strenuitatem
1744 1462 1949 1496 nostrorum,

50 1526 53 1531 ·
107 1517 283 1544 certamen
305 1511 477 1554 utrimque
501 1499 710 1554 diremptum
733 1509 877 1553 quievit.
922 1510 993 1552 Ipsi
1022 1509 1059 1541 in
1089 1514 1225 1552 portum
1249 1508 1352 1548 urbis,
1377 1510 1469 1541 unde
1500 1509 1664 1549 exierant,
1686 1511 1949 1553 regrediuntur;

25 1599 27 1603 Α
52 1562 67 1611 'f
106 1564 216 1598 nostri
238 1574 322 1597 vero
344 1564 404 1597 ubi
426 1564 575 1606 primum
599 1563 849 1607 applicuerant,
871 1562 1058 1605 persistunt
1071 1560 1092 1594 ¹.

54 1698 57 1699 7
194 1661 345 1695 XXVII.
372 1679 408 1685 —
434 1660 543 1694 Porro
566 1661 603 1694 in
627 1661 779 1694 crastino
801 1659 1109 1693 summodiluculo
1132 1659 1369 1700 illucescente,
1392 1670 1510 1692 mense
1533 1660 1669 1693 octobri
1690 1661 1850 1699 instante,
1867 1661 1949 1693 dum

42 1722 65 1752 ἐᾷ
106 1725 188 1758 pars
210 1715 381 1748 exercitus
403 1715 512 1748 nostri
534 1714 698 1757 pabulum
722 1714 914 1757 quaesitum
937 1712 996 1746 'ire
1020 1719 1238 1756 appararent,
1261 1714 1505 1756 imperatorem
1519 1713 1529 1728 ²
1554 1724 1631 1746 cum
1648 1713 1953 1747 innumerabilibus

23 1773 30 1809 ’7
107 1768 219 1812 copiis
240 1768 430 1801 adventare
453 1777 517 1811 per
539 1767 638 1812 signa
659 1767 695 1800 in
718 1766 973 1800 summitatibus
995 1766 1169 1799 hastilium
1186 1767 1318 1799 eminus
1333 1766 1534 1800 ventilantia
1550 1767 1848 1809 depraehendunt.
1894 1767 1951 1799 Fit

25 1815 66 1866 ''gs''
108 1831 297 1855 concursus
319 1827 355 1854 et
377 1821 540 1864 strepitus
563 1821 601 1853 in
626 1821 762 1853 castris:
786 1820 843 1853 alii
866 1826 1049 1858 terrentur,
1073 1820 1143 1860 alii,
1167 1820 1280 1852 animo
1304 1820 1546 1863 promptiores,
1562 1821 1674 1853 minus
1690 1820 1809 1860 fortes,
1826 1820 1950 1853 exhor-

27 1869 30 1875 '
52 1894 54 1898 ν
107 1874 293 1908 tationibus
314 1874 528 1912 'recreando‚
552 1873 762 1906 robustiores
783 1873 946 1907 reddunt.
991 1873 1071 1906 Dux
1093 1883 1189 1913 vero,
1213 1873 1338 1906 videns
1360 1873 1427 1905 sibi
1450 1873 1532 1906 belli
1557 1879 1733 1907 certamen
1759 1874 1949 1914 imminere,

25 1945 28 1952 Δ
59 1959 69 1971 ,Α
107 1934 156 1968 ut,
178 1928 248 1962 suis
270 1937 406 1960 omnem
428 1937 524 1970 spem
547 1927 653 1970 fugae
678 1926 881 1965 auferendo,
906 1926 952 1959 ad
967 1926 1208 1960 defensionem
1225 1926 1277 1958 sui
1294 1926 1470 1959 ardentius
1486 1927 1724 1966 inflammaret,
1740 1938 1845 1960 naves
1861 1938 1949 1966 suas,

57 1975 73 2022 „s
106 1992 128 2015 a
148 1981 235 2014 mari
256 1986 443 2024 protectas,
466 1991 587 2013 omnes
611 1980 807 2018 combussit,
830 1990 874 2012 ne
898 1980 989 2012 forte
1014 1989 1091 2012 cum
1115 1980 1230 2013 acrius
1252 1980 1423 2022 proelium
1453 1981 1578 2012 nostris
1601 1980 1802 2019 immineret,
1826 1980 1950 2019 timidi,

59 2040 66 2047 ²
108 2034 295 2069 certamine
318 2034 539 2072 declinando,
563 2044 624 2076 spe
648 2033 882 2066 transmeandi
898 2033 1050 2066 illorsum
1066 2033 1283 2076 aufugerent.
1328 2033 1520 2075 Imperator
1551 2044 1645 2073 vero,
1669 2034 1952 2077 appropinquans

108 2087 202 2121 haud
223 2087 348 2130 procul
369 2097 390 2119 a
414 2087 536 2120 castris
558 2091 754 2119 nostrorum
779 2107 818 2112 —
843 2085 990 2125 scilicet,
1013 2086 1111 2129 quasi
1142 2086 1260 2119 stadiis
1291 2092 1438 2129 quatuor
1467 2087 1679 2128 interpositis
1704 2104 1740 2109 —
1766 2092 1951 2119 castrame-

27 2136 31 2146 ⁴
107 2146 216 2176 tatur:
241 2139 412 2174 exercitus
435 2139 478 2172 ab
501 2139 656 2182 undique
679 2139 752 2182 ipse
769 2139 869 2178 facit,
881 2139 1017 2172 nemine
1033 2140 1187 2182 ipsorum
1204 2139 1387 2172 adversum
1403 2145 1549 2179 nostros,
1562 2140 1624 2172 sed
1640 2149 1753 2182 neque
1769 2151 1812 2172 ex
1827 2139 1952 2172 nostris

27 2190 35 2204 ¹
65 2202 67 2206 ’
107 2195 289 2228 adversum
312 2193 415 2237 ipsos,
437 2193 514 2236 ipsa
537 2192 594 2225 die
618 2191 749 2236 aliquid
770 2198 1023 2235 praesumente.

56 2277 71 2290 ,2
197 2246 365 2290 Sequenti
393 2251 498 2280 nocte
530 2245 601 2278 dux
631 2245 760 2288 primas
789 2245 904 2278 noctis
933 2245 1022 2278 facit
1055 2245 1236 2284 excubias3
1267 2246 1438 2279 secundas
1468 2256 1562 2285 vero,
1593 2247 1755 2279 videlicet
1786 2257 1806 2278 a
1836 2246 1951 2278 media

31 2341 34 2349 4
59 2298 78 2347 ‘2⁷
107 2306 211 2334 nocte
234 2300 347 2334 donec
379 2300 522 2338 diescat,
545 2299 777 2338 Boamundus,
801 2299 890 2331 filius
913 2299 1023 2332 ducis.
1069 2299 1174 2331 Mane
1206 2306 1320 2332 autem
1353 2301 1459 2337 facto,
1492 2300 1562 2332 dux
1591 2299 1677 2342 ipse,
1707 2300 1794 2332 lucis
1826 2309 1948 2342 crepu-

35 2395 37 2397 .
55 2348 75 2398 ἶ
107 2353 216 2392 uculo,
240 2362 428 2396 omnesque
450 2352 560 2385 nostri
581 2357 772 2395 surgentes,
797 2361 876 2385 cum
898 2362 1029 2385 summa
1052 2353 1236 2386 devotione
1260 2354 1407 2397 hymnos
1422 2353 1489 2386 Dei
1505 2363 1583 2385 cum
1600 2353 1776 2385 missarum
1794 2353 1950 2386 celebra-

24 2417 29 2446 ξ
64 2404 74 2429 ‘¹
108 2406 204 2440 tione
224 2405 384 2439 audiunt:
407 2404 620 2449 presbyteris
643 2405 886 2447 compunctive
910 2406 1112 2439 confitentes
1135 2411 1290 2448 peccata,
1320 2407 1476 2439 muniunt
1508 2407 1597 2438 sacri
1628 2406 1756 2439 Viatici
1780 2406 1949 2438 misteriis.

25 2464 34 2484 ¹
44 2481 45 2484 =
108 2458 250 2504 sicque,
272 2458 438 2492 ordinatis
459 2458 611 2497 aciebus,
634 2458 679 2491 ad
703 2464 879 2491 certamen
895 2459 1065 2501 gradatim
1087 2464 1121 2491 et
1138 2459 1420 2504 conjunctissime
1438 2460 1714 2504 progrediuntur.
1760 2460 1950 2502 Imperator

63 2593 69 2607 r
200 2578 251 2596 1-2.
270 2571 307 2596 ad
325 2571 462 2604 invicem]
482 2571 534 2596 hac
553 2571 615 2596 vice
634 2570 661 2594 P
676 2579 745 2603 —4.
763 2571 973 2603 triumphantes
996 2571 1060 2596 BD
1073 2585 1105 2589 —
1132 2578 1155 2604 5.
1176 2571 1307 2604 plurimis
1329 2573 1385 2597 ΒΖ)
1402 2585 1414 2591 -
1433 2571 1608 2605 aggregatas]
1629 2573 1814 2605 aggravantes
1833 2572 1895 2596 BD
1914 2585 1946 2589 —

36 2615 40 2627 '
73 2651 74 2654 Ἴ
113 2620 152 2640 ιο.
172 2613 318 2646 deducere]
338 2613 493 2638 conducere
514 2613 576 2638 BD
594 2626 605 2632 ·
623 2612 677 2637 Sed
697 2613 915 2638 advenientibus
933 2613 1085 2638 venetiani
1107 2621 1183 2639 arma
1200 2614 1252 2639 cosi
1271 2615 1332 2639 PC
1349 2628 1380 2631 —
1404 2621 1443 2639 11.
1463 2613 1636 2647 improvide]
1656 2614 1852 2647 imper-stiores
1871 2614 1898 2639 P
1914 2627 1946 2632 -—

112 2663 152 2690 14.
169 2656 372 2681 consociantur
390 2655 416 2679 P
430 2668 441 2674 -
455 2654 541 2687 dlem]
555 2656 669 2685 noctem,
679 2656 707 2679 et
719 2654 795 2679 dlem
807 2655 834 2679 Ρ
844 2668 877 2672 -
894 2654 934 2679 16.
947 2655 1045 2688 citius]
1060 2663 1145 2688 ocyus
1158 2656 1184 2680 P
1193 2670 1226 2675 —
1242 2662 1282 2689 17.
1295 2657 1423 2681 certatim
1437 2657 1465 2682 Ρ
1475 2669 1507 2674 -
1525 2663 1564 2688 19.
1579 2654 1696 2689 cattum]
1708 2663 1818 2680 careum
1831 2657 1858 2680 B
1868 2658 1896 2681 D
1915 2670 1947 2674 -—

63 2751 65 2753 ·
110 2739 216 2773 ruent]
234 2741 446 2765 attentarentur
458 2739 523 2764 BD
542 2751 575 2757 —
595 2743 637 2770 27.
657 2739 847 2763 eventilantla
865 2739 892 2763 P
906 2752 940 2758 —-
961 2738 1002 2764 28.
1022 2740 1225 2773 promptloresl
1247 2741 1380 2766 fortiores
1406 2742 1470 2765 Bl)
1496 2754 1526 2758 —-
1554 2740 1641 2772 28-29.
1668 2740 1849 2765 exhortantes
1869 2741 1896 2765 Ρ
1912 2754 1944 2759 -

63 2790 72 2820 ξ
110 2787 152 2815 29.
170 2780 303 2813 reddunt}
323 2781 395 2806 fiunt
413 2781 440 2805 P
454 2794 486 2799 —
506 2787 548 2812 31.
567 2782 711 2814 protectas
729 2780 842 2812 omnes]
862 2788 963 2814 parvas
982 2781 1047 2806 BD
1066 2795 1098 2800 —
1118 2789 1160 2815 33.
1174 2783 1295 2815 scilicet]
1316 2783 1363 2807 sed
1383 2784 1462 2815 quasi
1477 2784 1543 2807 P—
1559 2790 1599 2814 34.
1616 2784 1674 2814 ipse
1687 2782 1768 2815 facit]
1797 2784 1850 2816 ipsi
1866 2783 1946 2808 taciti

66 2841 78 2862 ‘.
112 2824 137 2850 C
152 2836 185 2842 —
200 2823 241 2857 3⁶-
255 2831 322 2849 vero
335 2830 384 2848 om.
399 2824 426 2847 P
437 2835 469 2840 —
485 2828 527 2855 37.
540 2822 629 2847 donec
643 2822 749 2847 diescat
761 2829 810 2846 om.
823 2822 887 2848 BD
899 2835 910 2841 -
924 2822 1112 2849 Briamundus
1125 2825 1151 2849 B
1160 2826 1189 2850 D
1202 2839 1233 2844 ——
1247 2832 1289 2857 39.
1304 2825 1472 2850 ministeriis
1485 2825 1510 2848 Ρ
1520 2837 1551 2842 --
1567 2831 1608 2856 4ο.
1623 2824 1656 2848 ad
1671 2826 1810 2849 certamen
1822 2832 1871 2849 om.
1885 2825 1911 2849 B
1920 2826 1949 2850 D

59 2935 75 2951 st
193 2909 202 2928 ¹
221 2912 245 2937 ΙΙ
265 2913 422 2943 resoconto,
441 2911 492 2936 che
513 2911 534 2935 il
549 2910 588 2935 M.
604 2910 630 2934 fa
645 2910 675 2935 dl
688 2911 785 2942 quest·
798 2911 938 2943 batt-gua
951 2918 1000 2936 ns·
1142 2911 1154 2928 ²
1173 2914 1286 2938 Alessio
1306 2913 1455 2938 Comneno
1475 2919 1563 2937 aveva
1578 2912 1696 2937 lssclato
1709 2911 1947 2945 costantinopoli

50 2946 87 2988 :J
106 2954 170 2980 vale
181 2954 226 2980 fra
238 2955 398 2980 Normannl
411 2962 426 2979 e
439 2953 606 2983 Venezlam,
620 2952 756 2977 dlfferlsce
769 2953 805 2978 da
818 2953 914 2986 quello
928 2953 1001 2979 delle
1056 2956 1086 2979 ln
1101 2957 1209 2986 agosto.
1248 2955 1274 2979 A
1286 2956 1445 2988 proposito,
1462 2955 1498 2978 cs.
1514 2954 1542 2978 F.
1557 2953 1756 2986 Cum-Amnon,
1771 2955 1853 2979 Essai
1864 2962 1910 2979 sur
1923 2956 1948 2979 le

108 2995 180 3022 altre
201 2996 286 3022 fonti.
1058 2997 1143 3029 rbgne
1162 2997 1282 3022 d'Alexis
1305 2998 1345 3021 ser
1365 2996 1500 3026 Comuhre,
1519 3002 1561 3029 74.

59 2690 62 2709 1
74 2703 75 2706 ’
93 2716 96 2717 ⁷
110 2704 154 2724 τι.
170 2697 294 2730 ultlone]
313 2697 458 2722 solutione
469 2697 496 2721 B
506 2698 534 2721 D
547 2710 579 2715 -
600 2703 642 2721 22.
658 2697 818 2728 nostrisque
828 2698 940 2722 exhorr.
953 2697 1021 2721 Ρ-
1036 2704 1077 2730 23·
1090 2699 1224 2731 utrinque
1234 2715 1242 2724 .
1252 2715 1259 2723 .
1272 2718 1277 2723 .
1290 2718 1295 2723 .
1309 2699 1420 2731 quievit
1432 2707 1480 2723 om.
1496 2700 1524 2723 l)
1536 2711 1568 2716 ——
1584 2704 1624 2730 ²4·
1638 2698 1716 2731 prius
1731 2698 1755 2721 P
1767 2712 1795 2715 --
1812 2698 1852 2722 26.
1866 2705 1949 2732 appa·
1961 2728 1964 2729 7

2025 936 2112 960 Cssv

2000 1095 2077 1118 Mun„
2094 1096 2131 1119 584

2028 1725 2055 1748 B,
2071 1730 2118 1744 ην

2026 1885 2054 1907 Ι),
2071 1890 2110 1904 1³0
2118 1890 2132 1903 ν
