<?xml version="1.0" encoding="UTF-8"?>
<!DOCTYPE html PUBLIC "-//W3C//DTD XHTML 1.0 Transitional//EN"
    "http://www.w3.org/TR/xhtml1/DTD/xhtml1-transitional.dtd">
<html xmlns="http://www.w3.org/1999/xhtml" xml:lang="en" lang="en">
 <head>
  <title>
</title>
<meta http-equiv="Content-Type" content="text/html;charset=utf-8" />
  <meta name='ocr-system' content='tesseract 3.04.00' />
  <meta name='ocr-capabilities' content='ocr_page ocr_carea ocr_par ocr_line ocrx_word'/>
</head>
<body>
  <div class='ocr_page' id='page_1' title='image "./rerumitalicarums51murauoft_0086.png"; bbox 0 0 2320 3424; ppageno 0'>
   <div class='ocr_carea' id='block_1_1' title="bbox 367 243 2223 256">
    <p class='ocr_par' dir='ltr' id='par_1_1' title="bbox 367 243 2223 256">
     <span class='ocr_line' id='line_1_1' title="bbox 367 243 2223 256; baseline 0 3168"><span class='ocrx_word' id='word_1_1' title='bbox 367 243 2223 256; x_wconf 95' lang='lat' dir='ltr'><strong> </strong></span> 
     </span>
    </p>
   </div>
   <div class='ocr_carea' id='block_1_2' title="bbox 506 788 2074 848">
    <p class='ocr_par' dir='ltr' id='par_1_2' title="bbox 506 788 2074 848">
     <span class='ocr_line' id='line_1_2' title="bbox 506 788 2074 848; baseline -0.003 0"><span class='ocrx_word' id='word_1_2' title='bbox 506 792 921 848; x_wconf 88' lang='lat' dir='ltr'>DOMINICUS</span> <span class='ocrx_word' id='word_1_3' title='bbox 972 795 1027 847; x_wconf 88' lang='lat' dir='ltr'><strong>A</strong></span> <span class='ocrx_word' id='word_1_4' title='bbox 1074 789 1589 845; x_wconf 89' lang='lat' dir='ltr'><strong>PORTONARIIS</strong></span> <span class='ocrx_word' id='word_1_5' title='bbox 1639 789 1747 845; x_wconf 90' lang='lat' dir='ltr'><strong>DE</strong></span> <span class='ocrx_word' id='word_1_6' title='bbox 1794 788 2074 845; x_wconf 91' lang='lat' dir='ltr'>URSINIS</span> 
     </span>
    </p>
   </div>
   <div class='ocr_carea' id='block_1_3' title="bbox 1123 926 1470 963">
    <p class='ocr_par' dir='ltr' id='par_1_3' title="bbox 1123 926 1470 963">
     <span class='ocr_line' id='line_1_3' title="bbox 1123 926 1470 963; baseline -0.006 0"><span class='ocrx_word' id='word_1_7' title='bbox 1123 926 1470 963; x_wconf 89' lang='lat' dir='ltr'><strong>LECTORI</strong></span> 
     </span>
    </p>
   </div>
   <div class='ocr_carea' id='block_1_4' title="bbox 486 1146 623 1151">
    <p class='ocr_par' dir='ltr' id='par_1_4' title="bbox 486 1146 623 1151">
     <span class='ocr_line' id='line_1_4' title="bbox 486 1146 623 1151; textangle 90"><span class='ocrx_word' id='word_1_8' title='bbox 486 1146 623 1151; x_wconf 58' lang='lat' dir='ltr'><strong>l</strong></span> 
     </span>
    </p>
   </div>
   <div class='ocr_carea' id='block_1_5' title="bbox 620 1150 624 1248">
    <p class='ocr_par' dir='ltr' id='par_1_5' title="bbox 620 1150 624 1248">
     <span class='ocr_line' id='line_1_5' title="bbox 620 1150 624 1248; baseline 0 2176"><span class='ocrx_word' id='word_1_9' title='bbox 620 1150 624 1248; x_wconf 95' lang='lat' dir='ltr'><strong> </strong></span> 
     </span>
    </p>
   </div>
   <div class='ocr_carea' id='block_1_6' title="bbox 630 1226 2224 1259">
    <p class='ocr_par' dir='ltr' id='par_1_6' title="bbox 630 1226 2224 1259">
     <span class='ocr_line' id='line_1_6' title="bbox 630 1226 2224 1259; baseline 0 -7"><span class='ocrx_word' id='word_1_10' title='bbox 630 1233 650 1252; x_wconf 70' lang='lat' dir='ltr'><strong>u</strong></span> <span class='ocrx_word' id='word_1_11' title='bbox 669 1227 796 1252; x_wconf 79' lang='lat' dir='ltr'>editione</span> <span class='ocrx_word' id='word_1_12' title='bbox 814 1227 916 1252; x_wconf 87' lang='lat' dir='ltr'><strong>horum</strong></span> <span class='ocrx_word' id='word_1_13' title='bbox 936 1227 1076 1251; x_wconf 86' lang='lat' dir='ltr'><strong>librorum</strong></span> <span class='ocrx_word' id='word_1_14' title='bbox 1096 1226 1233 1252; x_wconf 84' lang='lat' dir='ltr'><strong>Gaufredi</strong></span> <span class='ocrx_word' id='word_1_15' title='bbox 1255 1226 1391 1251; x_wconf 74' lang='lat' dir='ltr'><strong>Monachi</strong></span> <span class='ocrx_word' id='word_1_16' title='bbox 1411 1227 1440 1251; x_wconf 88' lang='lat' dir='ltr'><strong>et</strong></span> <span class='ocrx_word' id='word_1_17' title='bbox 1458 1226 1618 1251; x_wconf 79' lang='lat' dir='ltr'>Alexandri</span> <span class='ocrx_word' id='word_1_18' title='bbox 1638 1226 1770 1256; x_wconf 78' lang='lat' dir='ltr'><strong>Abbatis,</strong></span> <span class='ocrx_word' id='word_1_19' title='bbox 1795 1227 1973 1252; x_wconf 82' lang='lat' dir='ltr'><strong>vetustorum</strong></span> <span class='ocrx_word' id='word_1_20' title='bbox 1991 1226 2150 1257; x_wconf 68' lang='lat' dir='ltr'><strong>auctorum,</strong></span> <span class='ocrx_word' id='word_1_21' title='bbox 2173 1227 2224 1259; x_wconf 81' lang='lat' dir='ltr'><strong>qul</strong></span> 
     </span>
    </p>
   </div>
   <div class='ocr_carea' id='block_1_7' title="bbox 2259 0 2320 2049">
    <p class='ocr_par' dir='ltr' id='par_1_7' title="bbox 2259 0 2320 2049">
     <span class='ocr_line' id='line_1_7' title="bbox 2259 0 2320 1376; baseline 1.262 -73"><span class='ocrx_word' id='word_1_22' title='bbox 2259 0 2320 1376; x_wconf 95' lang='lat' dir='ltr'><strong>  </strong></span> 
     </span>
     <span class='ocr_line' id='line_1_8' title="bbox 2285 1376 2320 2049; baseline 0 0"><span class='ocrx_word' id='word_1_23' title='bbox 2285 1376 2320 2049; x_wconf 95' lang='lat' dir='ltr'><strong>      </strong></span> 
     </span>
    </p>
   </div>
   <div class='ocr_carea' id='block_1_8' title="bbox 620 1250 2301 1361">
    <p class='ocr_par' dir='ltr' id='par_1_8' title="bbox 620 1250 2301 1361">
     <span class='ocr_line' id='line_1_9' title="bbox 620 1250 2296 1312; baseline 0.001 -12"><span class='ocrx_word' id='word_1_24' title='bbox 620 1250 624 1303; x_wconf 84' lang='grc' dir='ltr'>Ι</span> <span class='ocrx_word' id='word_1_25' title='bbox 646 1276 878 1301; x_wconf 82' lang='lat' dir='ltr'><strong>Normannorum</strong></span> <span class='ocrx_word' id='word_1_26' title='bbox 898 1276 1066 1308; x_wconf 82' lang='lat' dir='ltr'><strong>Principum</strong></span> <span class='ocrx_word' id='word_1_27' title='bbox 1080 1283 1123 1300; x_wconf 90' lang='lat' dir='ltr'><strong>res</strong></span> <span class='ocrx_word' id='word_1_28' title='bbox 1137 1277 1230 1308; x_wconf 83' lang='lat' dir='ltr'><strong>gestas</strong></span> <span class='ocrx_word' id='word_1_29' title='bbox 1245 1276 1486 1308; x_wconf 88' lang='lat' dir='ltr'><strong>conscripserunt,</strong></span> <span class='ocrx_word' id='word_1_30' title='bbox 1499 1277 1532 1300; x_wconf 89' lang='lat' dir='ltr'><strong>ut</strong></span> <span class='ocrx_word' id='word_1_31' title='bbox 1544 1275 1692 1300; x_wconf 87' lang='lat' dir='ltr'><strong>Indicibus</strong></span> <span class='ocrx_word' id='word_1_32' title='bbox 1706 1283 1798 1301; x_wconf 88' lang='lat' dir='ltr'><strong>rerum</strong></span> <span class='ocrx_word' id='word_1_33' title='bbox 1812 1276 1847 1300; x_wconf 80' lang='lat' dir='ltr'><strong>ab</strong></span> <span class='ocrx_word' id='word_1_34' title='bbox 1861 1275 2028 1308; x_wconf 69' lang='lat' dir='ltr'><strong>Aragoniae</strong></span> <span class='ocrx_word' id='word_1_35' title='bbox 2040 1273 2167 1308; x_wconf 74' lang='lat' dir='ltr'><strong>Regibu-</strong></span> <span class='ocrx_word' id='word_1_36' title='bbox 2177 1282 2227 1311; x_wconf 58' lang='grc' dir='ltr'><strong>ιε·</strong></span> <span class='ocrx_word' id='word_1_37' title='bbox 2292 1303 2296 1312; x_wconf 21' lang='grc' dir='ltr'><strong>,Δ</strong></span> 
     </span>
     <span class='ocr_line' id='line_1_10' title="bbox 647 1324 2301 1361; baseline 0.001 -11"><span class='ocrx_word' id='word_1_38' title='bbox 647 1327 754 1350; x_wconf 85' lang='lat' dir='ltr'><strong>starum</strong></span> <span class='ocrx_word' id='word_1_39' title='bbox 773 1326 974 1359; x_wconf 83' lang='lat' dir='ltr'><strong>adjicerentur,</strong></span> <span class='ocrx_word' id='word_1_40' title='bbox 994 1326 1025 1350; x_wconf 90' lang='lat' dir='ltr'><strong>in</strong></span> <span class='ocrx_word' id='word_1_41' title='bbox 1044 1333 1078 1350; x_wconf 90' lang='lat' dir='ltr'><strong>eo</strong></span> <span class='ocrx_word' id='word_1_42' title='bbox 1097 1326 1281 1358; x_wconf 83' lang='lat' dir='ltr'><strong>potissimum</strong></span> <span class='ocrx_word' id='word_1_43' title='bbox 1301 1326 1445 1350; x_wconf 81' lang='lat' dir='ltr'>haesimus</span> <span class='ocrx_word' id='word_1_44' title='bbox 1463 1327 1492 1350; x_wconf 89' lang='lat' dir='ltr'><strong>et</strong></span> <span class='ocrx_word' id='word_1_45' title='bbox 1505 1325 1540 1350; x_wconf 80' lang='lat' dir='ltr'><strong>ab</strong></span> <span class='ocrx_word' id='word_1_46' title='bbox 1554 1325 1642 1350; x_wconf 88' lang='lat' dir='ltr'><strong>initio</strong></span> <span class='ocrx_word' id='word_1_47' title='bbox 1655 1325 1802 1358; x_wconf 79' lang='lat' dir='ltr'><strong>coepimus</strong></span> <span class='ocrx_word' id='word_1_48' title='bbox 1816 1325 2006 1355; x_wconf 84' lang='lat' dir='ltr'><strong>subdiffidere,</strong></span> <span class='ocrx_word' id='word_1_49' title='bbox 2018 1324 2097 1357; x_wconf 85' lang='lat' dir='ltr'><strong>quod</strong></span> <span class='ocrx_word' id='word_1_50' title='bbox 2109 1325 2226 1351; x_wconf 72' lang='lat' dir='ltr'><strong>unlcum</strong></span> <span class='ocrx_word' id='word_1_51' title='bbox 2275 1329 2301 1361; x_wconf 77' lang='grc' dir='ltr'>ς</span> 
     </span>
    </p>
   </div>
   <div class='ocr_carea' id='block_1_9' title="bbox 367 1096 625 1407">
    <p class='ocr_par' dir='ltr' id='par_1_9' title="bbox 367 1096 625 1407">
     <span class='ocr_line' id='line_1_11' title="bbox 367 1096 625 1407; textangle 90"><span class='ocrx_word' id='word_1_52' title='bbox 367 1147 625 1407; x_wconf 58' lang='lat' dir='ltr'><strong>[Il</strong></span> <span class='ocrx_word' id='word_1_53' title='bbox 518 1096 520 1098; x_wconf 78' lang='grc'><strong>,</strong></span> 
     </span>
    </p>
   </div>
   <div class='ocr_carea' id='block_1_10' title="bbox 361 1374 2320 2052">
    <p class='ocr_par' dir='ltr' id='par_1_10' title="bbox 361 1374 2320 2052">
     <span class='ocr_line' id='line_1_12' title="bbox 648 1374 2294 1409; baseline 0 -9"><span class='ocrx_word' id='word_1_54' title='bbox 648 1376 793 1409; x_wconf 75' lang='lat' dir='ltr'><strong>exemplar</strong></span> <span class='ocrx_word' id='word_1_55' title='bbox 814 1377 907 1400; x_wconf 85' lang='lat' dir='ltr'><strong>nactis</strong></span> <span class='ocrx_word' id='word_1_56' title='bbox 927 1376 1046 1400; x_wconf 88' lang='lat' dir='ltr'><strong>alterius</strong></span> <span class='ocrx_word' id='word_1_57' title='bbox 1065 1374 1187 1400; x_wconf 91' lang='lat' dir='ltr'><strong>Codicis</strong></span> <span class='ocrx_word' id='word_1_58' title='bbox 1206 1375 1382 1407; x_wconf 81' lang='lat' dir='ltr'>praesidium</span> <span class='ocrx_word' id='word_1_59' title='bbox 1403 1375 1512 1400; x_wconf 86' lang='lat' dir='ltr'><strong>deerat:</strong></span> <span class='ocrx_word' id='word_1_60' title='bbox 1533 1375 1611 1407; x_wconf 87' lang='lat' dir='ltr'><strong>quod</strong></span> <span class='ocrx_word' id='word_1_61' title='bbox 1625 1376 1750 1400; x_wconf 75' lang='lat' dir='ltr'><strong>maxime</strong></span> <span class='ocrx_word' id='word_1_62' title='bbox 1762 1375 1917 1400; x_wconf 82' lang='lat' dir='ltr'><strong>consuevit</strong></span> <span class='ocrx_word' id='word_1_63' title='bbox 1930 1381 1991 1400; x_wconf 87' lang='lat' dir='ltr'><strong>esse</strong></span> <span class='ocrx_word' id='word_1_64' title='bbox 2002 1375 2181 1409; x_wconf 67' lang='lat' dir='ltr'><strong>adjumento,</strong></span> <span class='ocrx_word' id='word_1_65' title='bbox 2193 1375 2226 1400; x_wconf 86' lang='lat' dir='ltr'><strong>ut</strong></span> <span class='ocrx_word' id='word_1_66' title='bbox 2265 1395 2268 1398; x_wconf 22' lang='grc' dir='ltr'><em>Α</em></span> <span class='ocrx_word' id='word_1_67' title='bbox 2291 1376 2294 1379; x_wconf 86' lang='grc'><strong>“</strong></span> 
     </span>
     <span class='ocr_line' id='line_1_13' title="bbox 364 1423 2224 1459; baseline -0.001 -9"><span class='ocrx_word' id='word_1_68' title='bbox 364 1425 590 1458; x_wconf 79' lang='lat' dir='ltr'><strong>investigatione</strong></span> <span class='ocrx_word' id='word_1_69' title='bbox 602 1427 677 1450; x_wconf 85' lang='lat' dir='ltr'><strong>certa</strong></span> <span class='ocrx_word' id='word_1_70' title='bbox 688 1433 720 1450; x_wconf 80' lang='lat' dir='ltr'><strong>ac</strong></span> <span class='ocrx_word' id='word_1_71' title='bbox 732 1425 820 1449; x_wconf 81' lang='lat' dir='ltr'><strong>veluti</strong></span> <span class='ocrx_word' id='word_1_72' title='bbox 833 1425 955 1457; x_wconf 80' lang='lat' dir='ltr'><strong>quadam</strong></span> <span class='ocrx_word' id='word_1_73' title='bbox 967 1424 1105 1456; x_wconf 78' lang='lat' dir='ltr'><strong>indagine</strong></span> <span class='ocrx_word' id='word_1_74' title='bbox 1115 1424 1217 1449; x_wconf 89' lang='lat' dir='ltr'><strong>menda</strong></span> <span class='ocrx_word' id='word_1_75' title='bbox 1230 1424 1414 1449; x_wconf 79' lang='lat' dir='ltr'><strong>librariorum</strong></span> <span class='ocrx_word' id='word_1_76' title='bbox 1425 1424 1578 1450; x_wconf 85' lang='lat' dir='ltr'><strong>tollantur.</strong></span> <span class='ocrx_word' id='word_1_77' title='bbox 1607 1424 1682 1449; x_wconf 71' lang='lat' dir='ltr'><strong>Nam</strong></span> <span class='ocrx_word' id='word_1_78' title='bbox 1691 1425 1740 1457; x_wconf 85' lang='lat' dir='ltr'><strong>qui</strong></span> <span class='ocrx_word' id='word_1_79' title='bbox 1756 1424 1991 1457; x_wconf 75' lang='lat' dir='ltr'><strong>corrigendorum</strong></span> <span class='ocrx_word' id='word_1_80' title='bbox 2004 1423 2146 1450; x_wconf 83' lang='lat' dir='ltr'><strong>librorum</strong></span> <span class='ocrx_word' id='word_1_81' title='bbox 2158 1429 2224 1459; x_wconf 82' lang='lat' dir='ltr'><strong>ope-</strong></span> 
     </span>
     <span class='ocr_line' id='line_1_14' title="bbox 363 1472 2311 1510; baseline -0.001 -11"><span class='ocrx_word' id='word_1_82' title='bbox 363 1481 422 1499; x_wconf 72' lang='lat' dir='ltr'><strong>rnm</strong></span> <span class='ocrx_word' id='word_1_83' title='bbox 437 1475 492 1498; x_wconf 88' lang='lat' dir='ltr'><strong>rite</strong></span> <span class='ocrx_word' id='word_1_84' title='bbox 511 1481 616 1499; x_wconf 77' lang='lat' dir='ltr'><strong>navare</strong></span> <span class='ocrx_word' id='word_1_85' title='bbox 637 1475 803 1503; x_wconf 78' lang='lat' dir='ltr'><strong>instituunt,</strong></span> <span class='ocrx_word' id='word_1_86' title='bbox 822 1475 953 1499; x_wconf 82' lang='lat' dir='ltr'><strong>accurata</strong></span> <span class='ocrx_word' id='word_1_87' title='bbox 974 1473 1207 1498; x_wconf 74' lang='lat' dir='ltr'><strong>consideratione</strong></span> <span class='ocrx_word' id='word_1_88' title='bbox 1227 1473 1351 1506; x_wconf 79' lang='lat' dir='ltr'><strong>permoti</strong></span> <span class='ocrx_word' id='word_1_89' title='bbox 1371 1480 1550 1507; x_wconf 82' lang='lat' dir='ltr'><strong>summopere</strong></span> <span class='ocrx_word' id='word_1_90' title='bbox 1563 1473 1725 1510; x_wconf 56' lang='lat' dir='ltr'><strong>ebbonem,</strong></span> <span class='ocrx_word' id='word_1_91' title='bbox 1742 1481 1776 1498; x_wconf 89' lang='lat' dir='ltr'><strong>ne</strong></span> <span class='ocrx_word' id='word_1_92' title='bbox 1789 1474 1971 1507; x_wconf 79' lang='lat' dir='ltr'><strong>conjecturis,</strong></span> <span class='ocrx_word' id='word_1_93' title='bbox 1984 1472 2091 1506; x_wconf 72' lang='lat' dir='ltr'><strong>partlm</strong></span> <span class='ocrx_word' id='word_1_94' title='bbox 2105 1473 2227 1506; x_wconf 66' lang='lat' dir='ltr'><strong>ingemo</strong></span> <span class='ocrx_word' id='word_1_95' title='bbox 2304 1492 2311 1502; x_wconf 30' lang='grc' dir='ltr'><strong>ψ,</strong></span> 
     </span>
     <span class='ocr_line' id='line_1_15' title="bbox 361 1511 2298 1556; baseline 0 -8"><span class='ocrx_word' id='word_1_96' title='bbox 361 1525 389 1548; x_wconf 89' lang='lat' dir='ltr'><strong>et</strong></span> <span class='ocrx_word' id='word_1_97' title='bbox 403 1523 577 1548; x_wconf 83' lang='lat' dir='ltr'><strong>confidentia</strong></span> <span class='ocrx_word' id='word_1_98' title='bbox 596 1523 718 1556; x_wconf 86' lang='lat' dir='ltr'><strong>quadam</strong></span> <span class='ocrx_word' id='word_1_99' title='bbox 738 1524 855 1556; x_wconf 85' lang='lat' dir='ltr'><strong>impulsi</strong></span> <span class='ocrx_word' id='word_1_100' title='bbox 873 1525 900 1548; x_wconf 90' lang='lat' dir='ltr'><strong>in</strong></span> <span class='ocrx_word' id='word_1_101' title='bbox 918 1525 1012 1548; x_wconf 81' lang='lat' dir='ltr'><strong>varias</strong></span> <span class='ocrx_word' id='word_1_102' title='bbox 1026 1530 1084 1547; x_wconf 88' lang='lat' dir='ltr'><strong>non</strong></span> <span class='ocrx_word' id='word_1_103' title='bbox 1100 1523 1186 1548; x_wconf 84' lang='lat' dir='ltr'><strong>modo</strong></span> <span class='ocrx_word' id='word_1_104' title='bbox 1201 1525 1305 1556; x_wconf 81' lang='lat' dir='ltr'><strong>partes,</strong></span> <span class='ocrx_word' id='word_1_105' title='bbox 1319 1523 1368 1548; x_wconf 92' lang='lat' dir='ltr'><strong>sed</strong></span> <span class='ocrx_word' id='word_1_106' title='bbox 1383 1525 1414 1547; x_wconf 85' lang='lat' dir='ltr'><strong>in</strong></span> <span class='ocrx_word' id='word_1_107' title='bbox 1428 1524 1590 1548; x_wconf 78' lang='lat' dir='ltr'><strong>contrarias</strong></span> <span class='ocrx_word' id='word_1_108' title='bbox 1603 1523 1769 1556; x_wconf 88' lang='lat' dir='ltr'><strong>plerumque</strong></span> <span class='ocrx_word' id='word_1_109' title='bbox 1783 1523 1963 1548; x_wconf 81' lang='lat' dir='ltr'><strong>dilabantur:</strong></span> <span class='ocrx_word' id='word_1_110' title='bbox 1979 1530 2050 1548; x_wconf 82' lang='lat' dir='ltr'><strong>neve</strong></span> <span class='ocrx_word' id='word_1_111' title='bbox 2065 1522 2148 1548; x_wconf 77' lang='lat' dir='ltr'><strong>foede</strong></span> <span class='ocrx_word' id='word_1_112' title='bbox 2158 1530 2225 1548; x_wconf 70' lang='lat' dir='ltr'><strong>auc·</strong></span> <span class='ocrx_word' id='word_1_113' title='bbox 2293 1511 2298 1524; x_wconf 68' lang='lat'><em>¹</em></span> 
     </span>
     <span class='ocr_line' id='line_1_16' title="bbox 362 1562 2320 1606; baseline 0.001 -9"><span class='ocrx_word' id='word_1_114' title='bbox 362 1574 448 1602; x_wconf 86' lang='lat' dir='ltr'><strong>tores,</strong></span> <span class='ocrx_word' id='word_1_115' title='bbox 460 1580 530 1604; x_wconf 90' lang='lat' dir='ltr'><strong>quos</strong></span> <span class='ocrx_word' id='word_1_116' title='bbox 540 1575 682 1606; x_wconf 85' lang='lat' dir='ltr'><strong>corrigere</strong></span> <span class='ocrx_word' id='word_1_117' title='bbox 697 1573 883 1601; x_wconf 80' lang='lat' dir='ltr'><strong>contendunt,</strong></span> <span class='ocrx_word' id='word_1_118' title='bbox 898 1574 999 1597; x_wconf 86' lang='lat' dir='ltr'><strong>misere</strong></span> <span class='ocrx_word' id='word_1_119' title='bbox 1012 1573 1213 1598; x_wconf 77' lang='lat' dir='ltr'><strong>dilacerentur.</strong></span> <span class='ocrx_word' id='word_1_120' title='bbox 1251 1573 1414 1605; x_wconf 79' lang='lat' dir='ltr'><strong>Propterea,</strong></span> <span class='ocrx_word' id='word_1_121' title='bbox 1431 1581 1465 1597; x_wconf 90' lang='lat' dir='ltr'><strong>ne</strong></span> <span class='ocrx_word' id='word_1_122' title='bbox 1479 1573 1530 1597; x_wconf 82' lang='lat' dir='ltr'><strong>hac</strong></span> <span class='ocrx_word' id='word_1_123' title='bbox 1544 1573 1709 1606; x_wconf 76' lang='lat' dir='ltr'><strong>corruptela</strong></span> <span class='ocrx_word' id='word_1_124' title='bbox 1721 1573 1768 1598; x_wconf 85' lang='lat' dir='ltr'><strong>his</strong></span> <span class='ocrx_word' id='word_1_125' title='bbox 1781 1573 1947 1598; x_wconf 84' lang='lat' dir='ltr'><strong>auctoribus</strong></span> <span class='ocrx_word' id='word_1_126' title='bbox 1958 1573 2108 1606; x_wconf 74' lang='lat' dir='ltr'><strong>graviore·</strong></span> <span class='ocrx_word' id='word_1_127' title='bbox 2122 1572 2225 1605; x_wconf 63' lang='lat' dir='ltr'><strong>plagae</strong></span> <span class='ocrx_word' id='word_1_128' title='bbox 2259 1562 2320 1597; x_wconf 62' lang='lat' dir='ltr'><strong>10y</strong></span> 
     </span>
     <span class='ocr_line' id='line_1_17' title="bbox 363 1615 2312 1655; baseline 0.001 -10"><span class='ocrx_word' id='word_1_129' title='bbox 363 1621 569 1653; x_wconf 85' lang='lat' dir='ltr'><strong>infligerentur,</strong></span> <span class='ocrx_word' id='word_1_130' title='bbox 588 1623 638 1654; x_wconf 87' lang='lat' dir='ltr'><strong>qul</strong></span> <span class='ocrx_word' id='word_1_131' title='bbox 658 1623 773 1647; x_wconf 79' lang='lat' dir='ltr'><strong>tametsi</strong></span> <span class='ocrx_word' id='word_1_132' title='bbox 792 1623 911 1646; x_wconf 87' lang='lat' dir='ltr'><strong>minime</strong></span> <span class='ocrx_word' id='word_1_133' title='bbox 931 1622 1103 1647; x_wconf 81' lang='lat' dir='ltr'><strong>videbantur</strong></span> <span class='ocrx_word' id='word_1_134' title='bbox 1128 1623 1298 1647; x_wconf 84' lang='lat' dir='ltr'><strong>vetustatem</strong></span> <span class='ocrx_word' id='word_1_135' title='bbox 1322 1622 1462 1653; x_wconf 79' lang='lat' dir='ltr'><strong>habituri,</strong></span> <span class='ocrx_word' id='word_1_136' title='bbox 1487 1622 1568 1655; x_wconf 86' lang='lat' dir='ltr'><strong>digni</strong></span> <span class='ocrx_word' id='word_1_137' title='bbox 1594 1623 1690 1647; x_wconf 83' lang='lat' dir='ltr'><strong>tamen</strong></span> <span class='ocrx_word' id='word_1_138' title='bbox 1718 1623 1842 1654; x_wconf 77' lang='lat' dir='ltr'><strong>fuerant,</strong></span> <span class='ocrx_word' id='word_1_139' title='bbox 1869 1622 2106 1655; x_wconf 72' lang='lat' dir='ltr'><strong>compensatione</strong></span> <span class='ocrx_word' id='word_1_140' title='bbox 2131 1627 2224 1647; x_wconf 74' lang='lat' dir='ltr'><strong>rerum</strong></span> <span class='ocrx_word' id='word_1_141' title='bbox 2310 1615 2312 1618; x_wconf 48' lang='lat'>¹</span> 
     </span>
     <span class='ocr_line' id='line_1_18' title="bbox 363 1671 2224 1705; baseline 0.001 -10"><span class='ocrx_word' id='word_1_142' title='bbox 363 1672 487 1703; x_wconf 82' lang='lat' dir='ltr'><strong>posteris</strong></span> <span class='ocrx_word' id='word_1_143' title='bbox 506 1671 686 1701; x_wconf 71' lang='lat' dir='ltr'><strong>traditarum,</strong></span> <span class='ocrx_word' id='word_1_144' title='bbox 706 1674 737 1697; x_wconf 89' lang='lat' dir='ltr'><strong>ut</strong></span> <span class='ocrx_word' id='word_1_145' title='bbox 757 1672 870 1696; x_wconf 81' lang='lat' dir='ltr'><strong>debitus</strong></span> <span class='ocrx_word' id='word_1_146' title='bbox 889 1674 930 1696; x_wconf 89' lang='lat' dir='ltr'><strong>eis</strong></span> <span class='ocrx_word' id='word_1_147' title='bbox 949 1672 1038 1696; x_wconf 88' lang='lat' dir='ltr'><strong>honos</strong></span> <span class='ocrx_word' id='word_1_148' title='bbox 1058 1672 1218 1701; x_wconf 82' lang='lat' dir='ltr'><strong>haberetur,</strong></span> <span class='ocrx_word' id='word_1_149' title='bbox 1238 1673 1328 1697; x_wconf 86' lang='lat' dir='ltr'><strong>satius</strong></span> <span class='ocrx_word' id='word_1_150' title='bbox 1348 1671 1482 1696; x_wconf 83' lang='lat' dir='ltr'><strong>duximus</strong></span> <span class='ocrx_word' id='word_1_151' title='bbox 1502 1672 1538 1696; x_wconf 79' lang='lat' dir='ltr'><strong>ad</strong></span> <span class='ocrx_word' id='word_1_152' title='bbox 1557 1672 1729 1705; x_wconf 77' lang='lat' dir='ltr'><strong>depravatos</strong></span> <span class='ocrx_word' id='word_1_153' title='bbox 1748 1672 1831 1697; x_wconf 88' lang='lat' dir='ltr'><strong>locos</strong></span> <span class='ocrx_word' id='word_1_154' title='bbox 1846 1673 1943 1697; x_wconf 81' lang='lat' dir='ltr'><strong>notam</strong></span> <span class='ocrx_word' id='word_1_155' title='bbox 1957 1671 2111 1704; x_wconf 75' lang='lat' dir='ltr'><strong>adponere,</strong></span> <span class='ocrx_word' id='word_1_156' title='bbox 2126 1672 2158 1697; x_wconf 80' lang='lat' dir='ltr'><strong>ut</strong></span> <span class='ocrx_word' id='word_1_157' title='bbox 2170 1678 2224 1705; x_wconf 86' lang='lat' dir='ltr'><strong>pro</strong></span> 
     </span>
     <span class='ocr_line' id='line_1_19' title="bbox 363 1720 2222 1756; baseline 0.001 -11"><span class='ocrx_word' id='word_1_158' title='bbox 363 1727 392 1745; x_wconf 83' lang='lat' dir='ltr'><strong>se</strong></span> <span class='ocrx_word' id='word_1_159' title='bbox 411 1721 538 1752; x_wconf 88' lang='lat' dir='ltr'><strong>quisque,</strong></span> <span class='ocrx_word' id='word_1_160' title='bbox 557 1728 612 1752; x_wconf 90' lang='lat' dir='ltr'><strong>quo</strong></span> <span class='ocrx_word' id='word_1_161' title='bbox 633 1721 815 1753; x_wconf 71' lang='lat' dir='ltr'><strong>ingeniosIor</strong></span> <span class='ocrx_word' id='word_1_162' title='bbox 834 1724 862 1746; x_wconf 84' lang='lat' dir='ltr'><strong>et</strong></span> <span class='ocrx_word' id='word_1_163' title='bbox 881 1721 1026 1750; x_wconf 83' lang='lat' dir='ltr'><strong>solertior,</strong></span> <span class='ocrx_word' id='word_1_164' title='bbox 1044 1728 1102 1753; x_wconf 89' lang='lat' dir='ltr'><strong>quo</strong></span> <span class='ocrx_word' id='word_1_165' title='bbox 1122 1721 1158 1746; x_wconf 82' lang='lat' dir='ltr'><strong>ad</strong></span> <span class='ocrx_word' id='word_1_166' title='bbox 1178 1723 1237 1756; x_wconf 80' lang='lat' dir='ltr'><strong>ejus</strong></span> <span class='ocrx_word' id='word_1_167' title='bbox 1257 1720 1317 1746; x_wconf 82' lang='lat' dir='ltr'><strong>fleri</strong></span> <span class='ocrx_word' id='word_1_168' title='bbox 1339 1722 1439 1754; x_wconf 85' lang='lat' dir='ltr'><strong>possit,</strong></span> <span class='ocrx_word' id='word_1_169' title='bbox 1459 1721 1576 1746; x_wconf 79' lang='lat' dir='ltr'><strong>vitiosls</strong></span> <span class='ocrx_word' id='word_1_170' title='bbox 1596 1721 1759 1754; x_wconf 75' lang='lat' dir='ltr'><strong>particulis,</strong></span> <span class='ocrx_word' id='word_1_171' title='bbox 1776 1723 1805 1746; x_wconf 87' lang='lat' dir='ltr'><strong>et</strong></span> <span class='ocrx_word' id='word_1_172' title='bbox 1819 1721 1969 1754; x_wconf 73' lang='lat' dir='ltr'><strong>corruptis,</strong></span> <span class='ocrx_word' id='word_1_173' title='bbox 1982 1720 2095 1752; x_wconf 73' lang='lat' dir='ltr'><strong>lucinis,</strong></span> <span class='ocrx_word' id='word_1_174' title='bbox 2106 1721 2222 1751; x_wconf 75' lang='lat' dir='ltr'><strong>exectis.</strong></span> 
     </span>
     <span class='ocr_line' id='line_1_20' title="bbox 362 1770 2224 1804; baseline 0.001 -10"><span class='ocrx_word' id='word_1_175' title='bbox 362 1777 395 1794; x_wconf 89' lang='lat' dir='ltr'><strong>ac</strong></span> <span class='ocrx_word' id='word_1_176' title='bbox 414 1770 524 1801; x_wconf 85' lang='lat' dir='ltr'><strong>reliqua</strong></span> <span class='ocrx_word' id='word_1_177' title='bbox 544 1772 685 1795; x_wconf 79' lang='lat' dir='ltr'><strong>structura</strong></span> <span class='ocrx_word' id='word_1_178' title='bbox 705 1771 837 1803; x_wconf 85' lang='lat' dir='ltr'><strong>apposite</strong></span> <span class='ocrx_word' id='word_1_179' title='bbox 858 1772 1039 1804; x_wconf 82' lang='lat' dir='ltr'><strong>interpuncta</strong></span> <span class='ocrx_word' id='word_1_180' title='bbox 1061 1771 1214 1796; x_wconf 81' lang='lat' dir='ltr'><strong>medeatur.</strong></span> <span class='ocrx_word' id='word_1_181' title='bbox 1250 1770 1424 1803; x_wconf 82' lang='lat' dir='ltr'><strong>Peraequum</strong></span> <span class='ocrx_word' id='word_1_182' title='bbox 1438 1771 1516 1796; x_wconf 82' lang='lat' dir='ltr'><strong>enim</strong></span> <span class='ocrx_word' id='word_1_183' title='bbox 1530 1771 1624 1795; x_wconf 83' lang='lat' dir='ltr'><strong>visum</strong></span> <span class='ocrx_word' id='word_1_184' title='bbox 1636 1772 1689 1801; x_wconf 84' lang='lat' dir='ltr'><strong>est,</strong></span> <span class='ocrx_word' id='word_1_185' title='bbox 1703 1778 1738 1795; x_wconf 90' lang='lat' dir='ltr'><strong>ne</strong></span> <span class='ocrx_word' id='word_1_186' title='bbox 1751 1770 1879 1800; x_wconf 79' lang='lat' dir='ltr'><strong>vulnera,</strong></span> <span class='ocrx_word' id='word_1_187' title='bbox 1893 1777 1965 1803; x_wconf 68' lang='lat' dir='ltr'><strong>quae</strong></span> <span class='ocrx_word' id='word_1_188' title='bbox 1978 1770 2013 1795; x_wconf 73' lang='lat' dir='ltr'><strong>ad</strong></span> <span class='ocrx_word' id='word_1_189' title='bbox 2028 1771 2224 1803; x_wconf 76' lang='lat' dir='ltr'><strong>incorruptam</strong></span> 
     </span>
     <span class='ocr_line' id='line_1_21' title="bbox 362 1817 2309 1853; baseline 0.001 -10"><span class='ocrx_word' id='word_1_190' title='bbox 362 1820 514 1843; x_wconf 84' lang='lat' dir='ltr'><strong>sanitatem</strong></span> <span class='ocrx_word' id='word_1_191' title='bbox 534 1827 549 1843; x_wconf 88' lang='lat' dir='ltr'><strong>a</strong></span> <span class='ocrx_word' id='word_1_192' title='bbox 569 1819 652 1844; x_wconf 88' lang='lat' dir='ltr'><strong>nobis</strong></span> <span class='ocrx_word' id='word_1_193' title='bbox 673 1820 764 1851; x_wconf 86' lang='lat' dir='ltr'><strong>redigi</strong></span> <span class='ocrx_word' id='word_1_194' title='bbox 786 1822 936 1851; x_wconf 86' lang='lat' dir='ltr'><strong>nequeunt,</strong></span> <span class='ocrx_word' id='word_1_195' title='bbox 959 1827 1017 1844; x_wconf 90' lang='lat' dir='ltr'><strong>non</strong></span> <span class='ocrx_word' id='word_1_196' title='bbox 1044 1820 1130 1844; x_wconf 90' lang='lat' dir='ltr'><strong>modo</strong></span> <span class='ocrx_word' id='word_1_197' title='bbox 1149 1820 1357 1850; x_wconf 85' lang='lat' dir='ltr'><strong>exulcerentur,</strong></span> <span class='ocrx_word' id='word_1_198' title='bbox 1378 1820 1424 1845; x_wconf 87' lang='lat' dir='ltr'><strong>sed</strong></span> <span class='ocrx_word' id='word_1_199' title='bbox 1444 1828 1479 1844; x_wconf 90' lang='lat' dir='ltr'><strong>ne</strong></span> <span class='ocrx_word' id='word_1_200' title='bbox 1498 1821 1690 1845; x_wconf 72' lang='lat' dir='ltr'><strong>attrectentur</strong></span> <span class='ocrx_word' id='word_1_201' title='bbox 1710 1820 1834 1852; x_wconf 87' lang='lat' dir='ltr'><strong>quidem,</strong></span> <span class='ocrx_word' id='word_1_202' title='bbox 1854 1821 1886 1845; x_wconf 89' lang='lat' dir='ltr'><strong>ut</strong></span> <span class='ocrx_word' id='word_1_203' title='bbox 1911 1827 1993 1844; x_wconf 81' lang='lat' dir='ltr'><strong>suum</strong></span> <span class='ocrx_word' id='word_1_204' title='bbox 2019 1826 2133 1849; x_wconf 79' lang='lat' dir='ltr'><strong>munus.</strong></span> <span class='ocrx_word' id='word_1_205' title='bbox 2157 1825 2225 1853; x_wconf 84' lang='lat' dir='ltr'><strong>pen-</strong></span> <span class='ocrx_word' id='word_1_206' title='bbox 2239 1824 2271 1851; x_wconf 78' lang='lat'><strong>15</strong></span> <span class='ocrx_word' id='word_1_207' title='bbox 2307 1817 2309 1819; x_wconf 78' lang='grc'><strong>’</strong></span> 
     </span>
     <span class='ocr_line' id='line_1_22' title="bbox 363 1868 2226 1904; baseline 0.001 -12"><span class='ocrx_word' id='word_1_208' title='bbox 363 1875 480 1900; x_wconf 85' lang='lat' dir='ltr'><strong>sumque</strong></span> <span class='ocrx_word' id='word_1_209' title='bbox 497 1868 535 1893; x_wconf 88' lang='lat' dir='ltr'><strong>iis</strong></span> <span class='ocrx_word' id='word_1_210' title='bbox 554 1869 733 1901; x_wconf 84' lang='lat' dir='ltr'><strong>relinquatur</strong></span> <span class='ocrx_word' id='word_1_211' title='bbox 753 1869 903 1898; x_wconf 86' lang='lat' dir='ltr'><strong>incolume,</strong></span> <span class='ocrx_word' id='word_1_212' title='bbox 923 1870 971 1901; x_wconf 88' lang='lat' dir='ltr'><strong>qui</strong></span> <span class='ocrx_word' id='word_1_213' title='bbox 994 1869 1119 1894; x_wconf 80' lang='lat' dir='ltr'><strong>faciliori</strong></span> <span class='ocrx_word' id='word_1_214' title='bbox 1141 1870 1169 1894; x_wconf 79' lang='lat' dir='ltr'><strong>et</strong></span> <span class='ocrx_word' id='word_1_215' title='bbox 1188 1870 1380 1894; x_wconf 84' lang='lat' dir='ltr'><strong>commodiori</strong></span> <span class='ocrx_word' id='word_1_216' title='bbox 1401 1870 1522 1904; x_wconf 76' lang='lat' dir='ltr'><strong>judicie,</strong></span> <span class='ocrx_word' id='word_1_217' title='bbox 1541 1869 1700 1902; x_wconf 75' lang='lat' dir='ltr'><strong>desperatis</strong></span> <span class='ocrx_word' id='word_1_218' title='bbox 1719 1870 1806 1894; x_wconf 85' lang='lat' dir='ltr'><strong>etiam</strong></span> <span class='ocrx_word' id='word_1_219' title='bbox 1826 1869 1968 1894; x_wconf 80' lang='lat' dir='ltr'><strong>ulceribus</strong></span> <span class='ocrx_word' id='word_1_220' title='bbox 1988 1876 2072 1903; x_wconf 78' lang='lat' dir='ltr'><strong>opem</strong></span> <span class='ocrx_word' id='word_1_221' title='bbox 2090 1870 2120 1894; x_wconf 82' lang='lat' dir='ltr'><strong>et</strong></span> <span class='ocrx_word' id='word_1_222' title='bbox 2145 1869 2226 1894; x_wconf 78' lang='lat' dir='ltr'><strong>inco-</strong></span> 
     </span>
     <span class='ocr_line' id='line_1_23' title="bbox 363 1917 2226 1952; baseline 0 -10"><span class='ocrx_word' id='word_1_223' title='bbox 363 1917 522 1942; x_wconf 83' lang='lat' dir='ltr'><strong>lumitatem</strong></span> <span class='ocrx_word' id='word_1_224' title='bbox 544 1918 614 1942; x_wconf 75' lang='lat' dir='ltr'><strong>ferre</strong></span> <span class='ocrx_word' id='word_1_225' title='bbox 634 1918 746 1943; x_wconf 78' lang='lat' dir='ltr'><strong>valent:</strong></span> <span class='ocrx_word' id='word_1_226' title='bbox 766 1920 794 1943; x_wconf 88' lang='lat' dir='ltr'><strong>et</strong></span> <span class='ocrx_word' id='word_1_227' title='bbox 813 1919 899 1943; x_wconf 88' lang='lat' dir='ltr'><strong>nobis</strong></span> <span class='ocrx_word' id='word_1_228' title='bbox 917 1920 987 1943; x_wconf 84' lang='lat' dir='ltr'><strong>satis</strong></span> <span class='ocrx_word' id='word_1_229' title='bbox 1007 1926 1144 1951; x_wconf 88' lang='lat' dir='ltr'><strong>superque</strong></span> <span class='ocrx_word' id='word_1_230' title='bbox 1164 1919 1211 1948; x_wconf 86' lang='lat' dir='ltr'><strong>sit,</strong></span> <span class='ocrx_word' id='word_1_231' title='bbox 1231 1919 1305 1943; x_wconf 78' lang='lat' dir='ltr'><strong>lucIs</strong></span> <span class='ocrx_word' id='word_1_232' title='bbox 1324 1926 1438 1943; x_wconf 86' lang='lat' dir='ltr'><strong>usuram</strong></span> <span class='ocrx_word' id='word_1_233' title='bbox 1458 1919 1504 1944; x_wconf 86' lang='lat' dir='ltr'><strong>his</strong></span> <span class='ocrx_word' id='word_1_234' title='bbox 1524 1919 1689 1944; x_wconf 87' lang='lat' dir='ltr'><strong>auctoribus</strong></span> <span class='ocrx_word' id='word_1_235' title='bbox 1708 1918 1850 1949; x_wconf 84' lang='lat' dir='ltr'><strong>attulisse,</strong></span> <span class='ocrx_word' id='word_1_236' title='bbox 1868 1919 1917 1950; x_wconf 87' lang='lat' dir='ltr'><strong>qui</strong></span> <span class='ocrx_word' id='word_1_237' title='bbox 1938 1919 2039 1943; x_wconf 64' lang='lat' dir='ltr'><strong>nostra</strong></span> <span class='ocrx_word' id='word_1_238' title='bbox 2056 1924 2145 1952; x_wconf 63' lang='lat' dir='ltr'><strong>opera</strong></span> <span class='ocrx_word' id='word_1_239' title='bbox 2157 1923 2226 1945; x_wconf 80' lang='lat' dir='ltr'><strong>con-</strong></span> 
     </span>
     <span class='ocr_line' id='line_1_24' title="bbox 365 1967 2227 2001; baseline 0.001 -10"><span class='ocrx_word' id='word_1_240' title='bbox 365 1968 453 1992; x_wconf 86' lang='lat' dir='ltr'><strong>secuti</strong></span> <span class='ocrx_word' id='word_1_241' title='bbox 474 1974 579 1998; x_wconf 85' lang='lat' dir='ltr'><strong>sumus‚</strong></span> <span class='ocrx_word' id='word_1_242' title='bbox 598 1969 629 1992; x_wconf 94' lang='lat' dir='ltr'><strong>ut</strong></span> <span class='ocrx_word' id='word_1_243' title='bbox 648 1968 689 1992; x_wconf 81' lang='lat' dir='ltr'><strong>eis</strong></span> <span class='ocrx_word' id='word_1_244' title='bbox 708 1968 785 1992; x_wconf 83' lang='lat' dir='ltr'><strong>salus</strong></span> <span class='ocrx_word' id='word_1_245' title='bbox 803 1970 890 2000; x_wconf 73' lang='lat' dir='ltr'><strong>atque</strong></span> <span class='ocrx_word' id='word_1_246' title='bbox 909 1969 1033 2000; x_wconf 78' lang='lat' dir='ltr'><strong>prIstina</strong></span> <span class='ocrx_word' id='word_1_247' title='bbox 1053 1968 1190 1993; x_wconf 77' lang='lat' dir='ltr'><strong>valetudo</strong></span> <span class='ocrx_word' id='word_1_248' title='bbox 1211 1969 1245 1993; x_wconf 85' lang='lat' dir='ltr'><strong>ab</strong></span> <span class='ocrx_word' id='word_1_249' title='bbox 1265 1968 1332 1993; x_wconf 81' lang='lat' dir='ltr'><strong>aliis</strong></span> <span class='ocrx_word' id='word_1_250' title='bbox 1351 1969 1522 2001; x_wconf 81' lang='lat' dir='ltr'><strong>quandoque</strong></span> <span class='ocrx_word' id='word_1_251' title='bbox 1542 1969 1634 2000; x_wconf 79' lang='lat' dir='ltr'><strong>reddi,</strong></span> <span class='ocrx_word' id='word_1_252' title='bbox 1653 1968 1825 2001; x_wconf 76' lang='lat' dir='ltr'><strong>restituique</strong></span> <span class='ocrx_word' id='word_1_253' title='bbox 1850 1969 1958 2001; x_wconf 74' lang='lat' dir='ltr'><strong>ponet.</strong></span> <span class='ocrx_word' id='word_1_254' title='bbox 1994 1967 2143 1993; x_wconf 74' lang='lat' dir='ltr'><strong>Praeteres</strong></span> <span class='ocrx_word' id='word_1_255' title='bbox 2168 1974 2227 1992; x_wconf 83' lang='lat' dir='ltr'><strong>rem</strong></span> 
     </span>
     <span class='ocr_line' id='line_1_25' title="bbox 366 2016 2220 2052; baseline 0.001 -12"><span class='ocrx_word' id='word_1_256' title='bbox 366 2017 483 2041; x_wconf 84' lang='lat' dir='ltr'><strong>minime</strong></span> <span class='ocrx_word' id='word_1_257' title='bbox 502 2017 618 2042; x_wconf 85' lang='lat' dir='ltr'><strong>dubiam</strong></span> <span class='ocrx_word' id='word_1_258' title='bbox 638 2017 817 2046; x_wconf 72' lang='lat' dir='ltr'><strong>arbstramur,</strong></span> <span class='ocrx_word' id='word_1_259' title='bbox 837 2025 885 2042; x_wconf 91' lang='lat' dir='ltr'><strong>eos</strong></span> <span class='ocrx_word' id='word_1_260' title='bbox 904 2025 995 2042; x_wconf 91' lang='lat' dir='ltr'><strong>rerum</strong></span> <span class='ocrx_word' id='word_1_261' title='bbox 1016 2018 1171 2051; x_wconf 84' lang='lat' dir='ltr'><strong>scriptores</strong></span> <span class='ocrx_word' id='word_1_262' title='bbox 1192 2019 1222 2042; x_wconf 91' lang='lat' dir='ltr'><strong>in</strong></span> <span class='ocrx_word' id='word_1_263' title='bbox 1241 2025 1292 2043; x_wconf 76' lang='lat' dir='ltr'><strong>sun</strong></span> <span class='ocrx_word' id='word_1_264' title='bbox 1310 2019 1414 2051; x_wconf 68' lang='lat' dir='ltr'><strong>patrm,</strong></span> <span class='ocrx_word' id='word_1_265' title='bbox 1428 2019 1554 2052; x_wconf 83' lang='lat' dir='ltr'><strong>privatis</strong></span> <span class='ocrx_word' id='word_1_266' title='bbox 1566 2017 1722 2048; x_wconf 71' lang='lat' dir='ltr'><strong>beneficus,</strong></span> <span class='ocrx_word' id='word_1_267' title='bbox 1735 2019 1764 2042; x_wconf 87' lang='lat' dir='ltr'><strong>et</strong></span> <span class='ocrx_word' id='word_1_268' title='bbox 1778 2025 1876 2042; x_wconf 88' lang='lat' dir='ltr'><strong>eorum</strong></span> <span class='ocrx_word' id='word_1_269' title='bbox 1888 2016 2056 2050; x_wconf 84' lang='lat' dir='ltr'><strong>Princlpum</strong></span> <span class='ocrx_word' id='word_1_270' title='bbox 2075 2016 2220 2042; x_wconf 68' lang='lat' dir='ltr'><strong>amicitiae</strong></span> 
     </span>
    </p>
   </div>
   <div class='ocr_carea' id='block_1_11' title="bbox 363 2066 2305 2100">
    <p class='ocr_par' dir='ltr' id='par_1_11' title="bbox 363 2057 2316 2100">
     <span class='ocr_line' id='line_1_26' title="bbox 363 2066 2305 2100; baseline 0.001 -10"><span class='ocrx_word' id='word_1_271' title='bbox 363 2066 463 2090; x_wconf 87' lang='lat' dir='ltr'><strong>decore</strong></span> <span class='ocrx_word' id='word_1_272' title='bbox 483 2066 626 2095; x_wconf 82' lang='lat' dir='ltr'><strong>floruisse,</strong></span> <span class='ocrx_word' id='word_1_273' title='bbox 646 2067 695 2099; x_wconf 86' lang='lat' dir='ltr'><strong>qui</strong></span> <span class='ocrx_word' id='word_1_274' title='bbox 715 2073 812 2091; x_wconf 85' lang='lat' dir='ltr'><strong>eorum</strong></span> <span class='ocrx_word' id='word_1_275' title='bbox 833 2067 1000 2092; x_wconf 87' lang='lat' dir='ltr'><strong>hortatione</strong></span> <span class='ocrx_word' id='word_1_276' title='bbox 1020 2075 1062 2092; x_wconf 88' lang='lat' dir='ltr'><strong>res</strong></span> <span class='ocrx_word' id='word_1_277' title='bbox 1081 2070 1175 2100; x_wconf 78' lang='lat' dir='ltr'><strong>gestas</strong></span> <span class='ocrx_word' id='word_1_278' title='bbox 1195 2068 1318 2100; x_wconf 78' lang='lat' dir='ltr'><strong>posterIs</strong></span> <span class='ocrx_word' id='word_1_279' title='bbox 1338 2067 1528 2097; x_wconf 77' lang='lat' dir='ltr'><strong>tradiderunt,</strong></span> <span class='ocrx_word' id='word_1_280' title='bbox 1548 2074 1669 2100; x_wconf 90' lang='lat' dir='ltr'><strong>quorum</strong></span> <span class='ocrx_word' id='word_1_281' title='bbox 1689 2074 1779 2099; x_wconf 87' lang='lat' dir='ltr'><strong>neque</strong></span> <span class='ocrx_word' id='word_1_282' title='bbox 1799 2068 1927 2091; x_wconf 80' lang='lat' dir='ltr'><strong>veterum</strong></span> <span class='ocrx_word' id='word_1_283' title='bbox 1947 2066 2120 2099; x_wconf 71' lang='lat' dir='ltr'><strong>quempltm,</strong></span> <span class='ocrx_word' id='word_1_284' title='bbox 2133 2071 2225 2097; x_wconf 77' lang='lat' dir='ltr'><strong>neque</strong></span> <span class='ocrx_word' id='word_1_285' title='bbox 2256 2071 2292 2091; x_wconf 78' lang='lat'><strong>20</strong></span> <span class='ocrx_word' id='word_1_286' title='bbox 2304 2076 2305 2081; x_wconf 58' lang='lat'>¹</span> 
     </span>
    </p>
   </div>
   <div class='ocr_carea' id='block_1_12' title="bbox 360 2111 2320 2264">
    <p class='ocr_par' dir='ltr' id='par_1_12' title="bbox 360 2111 2320 2264">
     <span class='ocr_line' id='line_1_27' title="bbox 363 2111 2320 2184; baseline 0.001 -45"><span class='ocrx_word' id='word_1_287' title='bbox 363 2116 521 2140; x_wconf 87' lang='lat' dir='ltr'><strong>recentiore</strong></span> <span class='ocrx_word' id='word_1_288' title='bbox 541 2116 677 2140; x_wconf 82' lang='lat' dir='ltr'><strong>memoria</strong></span> <span class='ocrx_word' id='word_1_289' title='bbox 695 2116 835 2141; x_wconf 80' lang='lat' dir='ltr'><strong>Abbatem</strong></span> <span class='ocrx_word' id='word_1_290' title='bbox 855 2116 1056 2148; x_wconf 88' lang='lat' dir='ltr'><strong>Trithemium‚</strong></span> <span class='ocrx_word' id='word_1_291' title='bbox 1077 2117 1126 2149; x_wconf 86' lang='lat' dir='ltr'><strong>qui</strong></span> <span class='ocrx_word' id='word_1_292' title='bbox 1145 2117 1338 2142; x_wconf 80' lang='lat' dir='ltr'><strong>Bibliothecas</strong></span> <span class='ocrx_word' id='word_1_293' title='bbox 1358 2124 1456 2142; x_wconf 91' lang='lat' dir='ltr'><strong>omnes</strong></span> <span class='ocrx_word' id='word_1_294' title='bbox 1476 2117 1642 2141; x_wconf 83' lang='lat' dir='ltr'><strong>incredibili</strong></span> <span class='ocrx_word' id='word_1_295' title='bbox 1663 2117 1819 2149; x_wconf 81' lang='lat' dir='ltr'><strong>diligentia</strong></span> <span class='ocrx_word' id='word_1_296' title='bbox 1837 2116 1981 2141; x_wconf 75' lang='lat' dir='ltr'><strong>excussit:</strong></span> <span class='ocrx_word' id='word_1_297' title='bbox 1995 2116 2172 2141; x_wconf 78' lang='lat' dir='ltr'><strong>mentionem</strong></span> <span class='ocrx_word' id='word_1_298' title='bbox 2185 2115 2225 2140; x_wconf 83' lang='lat' dir='ltr'><strong>fe·</strong></span> <span class='ocrx_word' id='word_1_299' title='bbox 2303 2111 2320 2184; x_wconf 51' lang='grc' dir='ltr'>ἔ</span> 
     </span>
     <span class='ocr_line' id='line_1_28' title="bbox 365 2163 2227 2198; baseline 0.001 -11"><span class='ocrx_word' id='word_1_300' title='bbox 365 2165 435 2188; x_wconf 71' lang='lat' dir='ltr'><strong>ciue</strong></span> <span class='ocrx_word' id='word_1_301' title='bbox 454 2165 557 2188; x_wconf 89' lang='lat' dir='ltr'><strong>mirum</strong></span> <span class='ocrx_word' id='word_1_302' title='bbox 579 2165 671 2189; x_wconf 84' lang='lat' dir='ltr'><strong>videri</strong></span> <span class='ocrx_word' id='word_1_303' title='bbox 689 2165 779 2194; x_wconf 80' lang='lat' dir='ltr'><strong>debet,</strong></span> <span class='ocrx_word' id='word_1_304' title='bbox 799 2167 827 2190; x_wconf 85' lang='lat' dir='ltr'><strong>et</strong></span> <span class='ocrx_word' id='word_1_305' title='bbox 841 2173 902 2190; x_wconf 88' lang='lat' dir='ltr'><strong>cum</strong></span> <span class='ocrx_word' id='word_1_306' title='bbox 917 2173 1002 2198; x_wconf 89' lang='lat' dir='ltr'><strong>supra</strong></span> <span class='ocrx_word' id='word_1_307' title='bbox 1016 2165 1221 2198; x_wconf 87' lang='lat' dir='ltr'><strong>quadrigentos</strong></span> <span class='ocrx_word' id='word_1_308' title='bbox 1235 2173 1327 2191; x_wconf 77' lang='lat' dir='ltr'><strong>annos</strong></span> <span class='ocrx_word' id='word_1_309' title='bbox 1341 2165 1520 2195; x_wconf 86' lang='lat' dir='ltr'><strong>delituerint,</strong></span> <span class='ocrx_word' id='word_1_310' title='bbox 1534 2167 1627 2191; x_wconf 73' lang='lat' dir='ltr'><strong>sartos</strong></span> <span class='ocrx_word' id='word_1_311' title='bbox 1640 2167 1732 2190; x_wconf 86' lang='lat' dir='ltr'><strong>tectos</strong></span> <span class='ocrx_word' id='word_1_312' title='bbox 1746 2172 1836 2197; x_wconf 86' lang='lat' dir='ltr'><strong>poene</strong></span> <span class='ocrx_word' id='word_1_313' title='bbox 1851 2165 1886 2189; x_wconf 90' lang='lat' dir='ltr'><strong>ab</strong></span> <span class='ocrx_word' id='word_1_314' title='bbox 1899 2165 1980 2190; x_wconf 75' lang='lat' dir='ltr'><strong>omni</strong></span> <span class='ocrx_word' id='word_1_315' title='bbox 1993 2163 2124 2197; x_wconf 80' lang='lat' dir='ltr'><strong>periculo</strong></span> <span class='ocrx_word' id='word_1_316' title='bbox 2139 2163 2227 2190; x_wconf 72' lang='lat' dir='ltr'><strong>fuisse</strong></span> 
     </span>
     <span class='ocr_line' id='line_1_29' title="bbox 360 2212 2320 2264; baseline 0.001 -27"><span class='ocrx_word' id='word_1_317' title='bbox 360 2214 553 2238; x_wconf 77' lang='lat' dir='ltr'><strong>conservatos.</strong></span> <span class='ocrx_word' id='word_1_318' title='bbox 590 2212 751 2239; x_wconf 85' lang='lat' dir='ltr'><strong>Gausredus</strong></span> <span class='ocrx_word' id='word_1_319' title='bbox 771 2222 874 2247; x_wconf 83' lang='lat' dir='ltr'><strong>magna</strong></span> <span class='ocrx_word' id='word_1_320' title='bbox 894 2223 957 2239; x_wconf 92' lang='lat' dir='ltr'><strong>cum</strong></span> <span class='ocrx_word' id='word_1_321' title='bbox 977 2222 1044 2239; x_wconf 85' lang='lat' dir='ltr'><strong>cura</strong></span> <span class='ocrx_word' id='word_1_322' title='bbox 1063 2217 1092 2239; x_wconf 91' lang='lat' dir='ltr'><strong>et</strong></span> <span class='ocrx_word' id='word_1_323' title='bbox 1111 2215 1266 2247; x_wconf 77' lang='lat' dir='ltr'><strong>diligentia</strong></span> <span class='ocrx_word' id='word_1_324' title='bbox 1285 2217 1317 2240; x_wconf 87' lang='lat' dir='ltr'><strong>in</strong></span> <span class='ocrx_word' id='word_1_325' title='bbox 1337 2215 1474 2240; x_wconf 84' lang='lat' dir='ltr'><strong>notandis</strong></span> <span class='ocrx_word' id='word_1_326' title='bbox 1494 2215 1579 2240; x_wconf 74' lang='lat' dir='ltr'><strong>certis</strong></span> <span class='ocrx_word' id='word_1_327' title='bbox 1597 2216 1760 2248; x_wconf 85' lang='lat' dir='ltr'><strong>temporum</strong></span> <span class='ocrx_word' id='word_1_328' title='bbox 1773 2214 1947 2243; x_wconf 74' lang='lat' dir='ltr'><strong>intervallis,</strong></span> <span class='ocrx_word' id='word_1_329' title='bbox 1961 2213 2038 2246; x_wconf 88' lang='lat' dir='ltr'><strong>quod</strong></span> <span class='ocrx_word' id='word_1_330' title='bbox 2051 2219 2227 2246; x_wconf 68' lang='lat' dir='ltr'><strong>mngnopere</strong></span> <span class='ocrx_word' id='word_1_331' title='bbox 2312 2224 2320 2264; x_wconf 45' lang='lat'>1</span> 
     </span>
    </p>
   </div>
   <div class='ocr_carea' id='block_1_13' title="bbox 362 2262 2288 2542">
    <p class='ocr_par' dir='ltr' id='par_1_13' title="bbox 362 2262 2320 2542">
     <span class='ocr_line' id='line_1_30' title="bbox 364 2262 2227 2297; baseline 0.001 -11"><span class='ocrx_word' id='word_1_332' title='bbox 364 2269 422 2286; x_wconf 89' lang='lat' dir='ltr'><strong>non</strong></span> <span class='ocrx_word' id='word_1_333' title='bbox 442 2263 534 2287; x_wconf 88' lang='lat' dir='ltr'><strong>solum</strong></span> <span class='ocrx_word' id='word_1_334' title='bbox 555 2263 684 2292; x_wconf 82' lang='lat' dir='ltr'><strong>delectat,</strong></span> <span class='ocrx_word' id='word_1_335' title='bbox 705 2263 752 2288; x_wconf 90' lang='lat' dir='ltr'><strong>sed</strong></span> <span class='ocrx_word' id='word_1_336' title='bbox 773 2264 835 2288; x_wconf 76' lang='lat' dir='ltr'><strong>sIne</strong></span> <span class='ocrx_word' id='word_1_337' title='bbox 853 2264 974 2289; x_wconf 82' lang='lat' dir='ltr'><strong>fastidio</strong></span> <span class='ocrx_word' id='word_1_338' title='bbox 994 2266 1022 2288; x_wconf 83' lang='lat' dir='ltr'><strong>et</strong></span> <span class='ocrx_word' id='word_1_339' title='bbox 1042 2266 1174 2290; x_wconf 79' lang='lat' dir='ltr'><strong>satietate</strong></span> <span class='ocrx_word' id='word_1_340' title='bbox 1193 2272 1237 2289; x_wconf 89' lang='lat' dir='ltr'><strong>res</strong></span> <span class='ocrx_word' id='word_1_341' title='bbox 1257 2265 1342 2297; x_wconf 76' lang='lat' dir='ltr'><strong>plena</strong></span> <span class='ocrx_word' id='word_1_342' title='bbox 1361 2264 1568 2290; x_wconf 79' lang='lat' dir='ltr'><strong>oblectamenti</strong></span> <span class='ocrx_word' id='word_1_343' title='bbox 1587 2265 1638 2293; x_wconf 80' lang='lat' dir='ltr'><strong>est,</strong></span> <span class='ocrx_word' id='word_1_344' title='bbox 1659 2265 1689 2288; x_wconf 89' lang='lat' dir='ltr'><strong>in</strong></span> <span class='ocrx_word' id='word_1_345' title='bbox 1710 2270 1742 2288; x_wconf 81' lang='lat' dir='ltr'><strong>ea</strong></span> <span class='ocrx_word' id='word_1_346' title='bbox 1761 2262 1845 2288; x_wconf 78' lang='lat' dir='ltr'><strong>laude</strong></span> <span class='ocrx_word' id='word_1_347' title='bbox 1865 2263 1960 2288; x_wconf 87' lang='lat' dir='ltr'><strong>creber</strong></span> <span class='ocrx_word' id='word_1_348' title='bbox 1974 2263 2047 2288; x_wconf 83' lang='lat' dir='ltr'><strong>suit:</strong></span> <span class='ocrx_word' id='word_1_349' title='bbox 2059 2262 2227 2288; x_wconf 76' lang='lat' dir='ltr'><strong>Alexander</strong></span> 
     </span>
     <span class='ocr_line' id='line_1_31' title="bbox 366 2311 2288 2346; baseline 0.001 -11"><span class='ocrx_word' id='word_1_350' title='bbox 366 2318 432 2335; x_wconf 88' lang='lat' dir='ltr'><strong>vero</strong></span> <span class='ocrx_word' id='word_1_351' title='bbox 451 2311 546 2336; x_wconf 78' lang='lat' dir='ltr'><strong>Abbas</strong></span> <span class='ocrx_word' id='word_1_352' title='bbox 565 2312 636 2336; x_wconf 83' lang='lat' dir='ltr'><strong>adeo</strong></span> <span class='ocrx_word' id='word_1_353' title='bbox 655 2313 686 2337; x_wconf 88' lang='lat' dir='ltr'><strong>in</strong></span> <span class='ocrx_word' id='word_1_354' title='bbox 706 2319 740 2336; x_wconf 94' lang='lat' dir='ltr'><strong>eo</strong></span> <span class='ocrx_word' id='word_1_355' title='bbox 760 2313 908 2345; x_wconf 85' lang='lat' dir='ltr'><strong>negligens</strong></span> <span class='ocrx_word' id='word_1_356' title='bbox 927 2315 977 2343; x_wconf 89' lang='lat' dir='ltr'><strong>est,</strong></span> <span class='ocrx_word' id='word_1_357' title='bbox 996 2315 1028 2338; x_wconf 91' lang='lat' dir='ltr'><strong>ut</strong></span> <span class='ocrx_word' id='word_1_358' title='bbox 1048 2315 1149 2338; x_wconf 87' lang='lat' dir='ltr'><strong>seriem</strong></span> <span class='ocrx_word' id='word_1_359' title='bbox 1169 2314 1261 2346; x_wconf 74' lang='lat' dir='ltr'><strong>Ipsam</strong></span> <span class='ocrx_word' id='word_1_360' title='bbox 1282 2321 1373 2338; x_wconf 83' lang='lat' dir='ltr'><strong>rerum</strong></span> <span class='ocrx_word' id='word_1_361' title='bbox 1395 2315 1538 2346; x_wconf 75' lang='lat' dir='ltr'><strong>gestarum</strong></span> <span class='ocrx_word' id='word_1_362' title='bbox 1553 2321 1614 2338; x_wconf 91' lang='lat' dir='ltr'><strong>cum</strong></span> <span class='ocrx_word' id='word_1_363' title='bbox 1629 2313 1735 2338; x_wconf 72' lang='lat' dir='ltr'><strong>arbIter</strong></span> <span class='ocrx_word' id='word_1_364' title='bbox 1750 2312 1916 2337; x_wconf 81' lang='lat' dir='ltr'><strong>interfuerit</strong></span> <span class='ocrx_word' id='word_1_365' title='bbox 1929 2313 1958 2336; x_wconf 89' lang='lat' dir='ltr'><strong>et</strong></span> <span class='ocrx_word' id='word_1_366' title='bbox 1971 2311 2079 2336; x_wconf 80' lang='lat' dir='ltr'><strong>viderit</strong></span> <span class='ocrx_word' id='word_1_367' title='bbox 2091 2317 2224 2345; x_wconf 68' lang='lat' dir='ltr'><strong>praesens</strong></span> <span class='ocrx_word' id='word_1_368' title='bbox 2255 2314 2288 2342; x_wconf 78' lang='lat'><strong>25</strong></span> 
     </span>
     <span class='ocr_line' id='line_1_32' title="bbox 368 2359 2228 2395; baseline 0.001 -12"><span class='ocrx_word' id='word_1_369' title='bbox 368 2359 452 2384; x_wconf 83' lang='lat' dir='ltr'><strong>ferme</strong></span> <span class='ocrx_word' id='word_1_370' title='bbox 471 2360 644 2386; x_wconf 80' lang='lat' dir='ltr'><strong>labefecerlt.</strong></span> <span class='ocrx_word' id='word_1_371' title='bbox 682 2361 755 2386; x_wconf 92' lang='lat' dir='ltr'><strong>Illud</strong></span> <span class='ocrx_word' id='word_1_372' title='bbox 776 2369 844 2386; x_wconf 79' lang='lat' dir='ltr'><strong>vero</strong></span> <span class='ocrx_word' id='word_1_373' title='bbox 863 2362 953 2386; x_wconf 90' lang='lat' dir='ltr'><strong>nolim</strong></span> <span class='ocrx_word' id='word_1_374' title='bbox 974 2370 989 2387; x_wconf 75' lang='lat' dir='ltr'><strong>n</strong></span> <span class='ocrx_word' id='word_1_375' title='bbox 1004 2370 1047 2387; x_wconf 89' lang='lat' dir='ltr'><strong>me</strong></span> <span class='ocrx_word' id='word_1_376' title='bbox 1060 2370 1119 2387; x_wconf 85' lang='lat' dir='ltr'><strong>esse</strong></span> <span class='ocrx_word' id='word_1_377' title='bbox 1133 2364 1287 2387; x_wconf 85' lang='lat' dir='ltr'><strong>omissum:</strong></span> <span class='ocrx_word' id='word_1_378' title='bbox 1301 2362 1448 2388; x_wconf 76' lang='lat' dir='ltr'><strong>Alberiam</strong></span> <span class='ocrx_word' id='word_1_379' title='bbox 1462 2361 1611 2395; x_wconf 78' lang='lat' dir='ltr'><strong>Reginam,</strong></span> <span class='ocrx_word' id='word_1_380' title='bbox 1624 2361 1742 2394; x_wconf 85' lang='lat' dir='ltr'><strong>Rogerii</strong></span> <span class='ocrx_word' id='word_1_381' title='bbox 1757 2361 1844 2394; x_wconf 87' lang='lat' dir='ltr'><strong>Regis</strong></span> <span class='ocrx_word' id='word_1_382' title='bbox 1859 2367 1987 2390; x_wconf 89' lang='lat' dir='ltr'><strong>uxorem,</strong></span> <span class='ocrx_word' id='word_1_383' title='bbox 2000 2367 2086 2393; x_wconf 72' lang='lat' dir='ltr'><strong>quam</strong></span> <span class='ocrx_word' id='word_1_384' title='bbox 2099 2361 2228 2393; x_wconf 72' lang='lat' dir='ltr'><strong>insignis</strong></span> 
     </span>
     <span class='ocr_line' id='line_1_33' title="bbox 362 2408 2229 2445; baseline 0.001 -12"><span class='ocrx_word' id='word_1_385' title='bbox 362 2409 514 2442; x_wconf 87' lang='lat' dir='ltr'><strong>religionis</strong></span> <span class='ocrx_word' id='word_1_386' title='bbox 534 2410 696 2439; x_wconf 78' lang='lat' dir='ltr'><strong>soemInam,</strong></span> <span class='ocrx_word' id='word_1_387' title='bbox 717 2411 804 2444; x_wconf 78' lang='lat' dir='ltr'><strong>digne.</strong></span> <span class='ocrx_word' id='word_1_388' title='bbox 817 2411 912 2436; x_wconf 82' lang='lat' dir='ltr'><strong>laudis</strong></span> <span class='ocrx_word' id='word_1_389' title='bbox 931 2412 1180 2437; x_wconf 81' lang='lat' dir='ltr'><strong>commendatione</strong></span> <span class='ocrx_word' id='word_1_390' title='bbox 1194 2412 1270 2438; x_wconf 90' lang='lat' dir='ltr'><strong>idem</strong></span> <span class='ocrx_word' id='word_1_391' title='bbox 1283 2414 1408 2445; x_wconf 88' lang='lat' dir='ltr'><strong>scriptor</strong></span> <span class='ocrx_word' id='word_1_392' title='bbox 1420 2411 1537 2443; x_wconf 86' lang='lat' dir='ltr'><strong>extulit,</strong></span> <span class='ocrx_word' id='word_1_393' title='bbox 1550 2411 1670 2437; x_wconf 75' lang='lat' dir='ltr'><strong>Alfonsi</strong></span> <span class='ocrx_word' id='word_1_394' title='bbox 1684 2411 1778 2443; x_wconf 72' lang='lat' dir='ltr'><strong>Regis.</strong></span> <span class='ocrx_word' id='word_1_395' title='bbox 1793 2411 1914 2435; x_wconf 83' lang='lat' dir='ltr'><strong>maximi</strong></span> <span class='ocrx_word' id='word_1_396' title='bbox 1926 2410 2133 2443; x_wconf 70' lang='lat' dir='ltr'><strong>HIspnninrum</strong></span> <span class='ocrx_word' id='word_1_397' title='bbox 2143 2408 2229 2435; x_wconf 82' lang='lat' dir='ltr'><strong>Prln·</strong></span> 
     </span>
     <span class='ocr_line' id='line_1_34' title="bbox 365 2459 2229 2496; baseline 0.002 -13"><span class='ocrx_word' id='word_1_398' title='bbox 365 2459 446 2492; x_wconf 82' lang='lat' dir='ltr'><strong>cipis,</strong></span> <span class='ocrx_word' id='word_1_399' title='bbox 465 2459 554 2484; x_wconf 81' lang='lat' dir='ltr'><strong>filiam</strong></span> <span class='ocrx_word' id='word_1_400' title='bbox 574 2460 670 2489; x_wconf 80' lang='lat' dir='ltr'><strong>fuisse.</strong></span> <span class='ocrx_word' id='word_1_401' title='bbox 689 2462 737 2492; x_wconf 88' lang='lat' dir='ltr'><strong>qui</strong></span> <span class='ocrx_word' id='word_1_402' title='bbox 758 2459 899 2494; x_wconf 89' lang='lat' dir='ltr'><strong>Toletum,</strong></span> <span class='ocrx_word' id='word_1_403' title='bbox 920 2461 1040 2495; x_wconf 76' lang='lat' dir='ltr'><strong>Regiam</strong></span> <span class='ocrx_word' id='word_1_404' title='bbox 1059 2462 1164 2492; x_wconf 85' lang='lat' dir='ltr'><strong>urbem,</strong></span> <span class='ocrx_word' id='word_1_405' title='bbox 1184 2464 1212 2487; x_wconf 83' lang='lat' dir='ltr'><strong>et</strong></span> <span class='ocrx_word' id='word_1_406' title='bbox 1232 2462 1461 2496; x_wconf 70' lang='lat' dir='ltr'><strong>Carpetanorum</strong></span> <span class='ocrx_word' id='word_1_407' title='bbox 1481 2462 1729 2494; x_wconf 72' lang='lat' dir='ltr'><strong>Oretanorumque</strong></span> <span class='ocrx_word' id='word_1_408' title='bbox 1749 2462 1883 2485; x_wconf 84' lang='lat' dir='ltr'><strong>civitates</strong></span> <span class='ocrx_word' id='word_1_409' title='bbox 1902 2461 1936 2485; x_wconf 74' lang='lat' dir='ltr'><strong>ab</strong></span> <span class='ocrx_word' id='word_1_410' title='bbox 1957 2460 2048 2493; x_wconf 74' lang='lat' dir='ltr'><strong>impIo</strong></span> <span class='ocrx_word' id='word_1_411' title='bbox 2060 2459 2229 2486; x_wconf 67' lang='lat' dir='ltr'><strong>Sarraceno-</strong></span> 
     </span>
     <span class='ocr_line' id='line_1_35' title="bbox 367 2508 2227 2542; baseline 0.001 -10"><span class='ocrx_word' id='word_1_412' title='bbox 367 2515 427 2532; x_wconf 92' lang='lat' dir='ltr'><strong>rum</strong></span> <span class='ocrx_word' id='word_1_413' title='bbox 447 2508 596 2533; x_wconf 84' lang='lat' dir='ltr'><strong>dominatu</strong></span> <span class='ocrx_word' id='word_1_414' title='bbox 617 2511 731 2542; x_wconf 81' lang='lat' dir='ltr'><strong>eripuit.</strong></span> <span class='ocrx_word' id='word_1_415' title='bbox 751 2517 834 2542; x_wconf 85' lang='lat' dir='ltr'><strong>quam</strong></span> <span class='ocrx_word' id='word_1_416' title='bbox 854 2510 1013 2535; x_wconf 84' lang='lat' dir='ltr'><strong>Rudericus</strong></span> <span class='ocrx_word' id='word_1_417' title='bbox 1032 2510 1187 2542; x_wconf 80' lang='lat' dir='ltr'><strong>Simenius‚</strong></span> <span class='ocrx_word' id='word_1_418' title='bbox 1205 2511 1366 2537; x_wconf 79' lang='lat' dir='ltr'><strong>Toletanus</strong></span> <span class='ocrx_word' id='word_1_419' title='bbox 1385 2511 1525 2540; x_wconf 72' lang='lat' dir='ltr'><strong>Antiates,</strong></span> <span class='ocrx_word' id='word_1_420' title='bbox 1545 2509 1703 2540; x_wconf 61' lang='lat' dir='ltr'><strong>Gelonium,</strong></span> <span class='ocrx_word' id='word_1_421' title='bbox 1730 2511 1823 2535; x_wconf 86' lang='lat' dir='ltr'><strong>nostri</strong></span> <span class='ocrx_word' id='word_1_422' title='bbox 1849 2509 1978 2534; x_wconf 80' lang='lat' dir='ltr'><strong>Elviram</strong></span> <span class='ocrx_word' id='word_1_423' title='bbox 2005 2510 2168 2539; x_wconf 73' lang='lat' dir='ltr'><strong>nominant,</strong></span> <span class='ocrx_word' id='word_1_424' title='bbox 2193 2509 2227 2535; x_wconf 89' lang='lat' dir='ltr'><strong>ut</strong></span> 
     </span>
    </p>
   </div>
   <div class='ocr_carea' id='block_1_14' title="bbox 365 2556 2293 2633">
    <p class='ocr_par' dir='ltr' id='par_1_14' title="bbox 365 2556 2293 2633">
     <span class='ocr_line' id='line_1_36' title="bbox 365 2556 2293 2594; baseline 0.001 -14"><span class='ocrx_word' id='word_1_425' title='bbox 365 2556 440 2581; x_wconf 88' lang='lat' dir='ltr'><strong>filius</strong></span> <span class='ocrx_word' id='word_1_426' title='bbox 459 2558 527 2591; x_wconf 85' lang='lat' dir='ltr'><strong>ejus,</strong></span> <span class='ocrx_word' id='word_1_427' title='bbox 547 2565 629 2590; x_wconf 90' lang='lat' dir='ltr'><strong>quem</strong></span> <span class='ocrx_word' id='word_1_428' title='bbox 648 2559 812 2584; x_wconf 80' lang='lat' dir='ltr'><strong>Alexander</strong></span> <span class='ocrx_word' id='word_1_429' title='bbox 833 2560 975 2584; x_wconf 82' lang='lat' dir='ltr'><strong>Anfusum</strong></span> <span class='ocrx_word' id='word_1_430' title='bbox 997 2562 1088 2590; x_wconf 85' lang='lat' dir='ltr'><strong>vocat,</strong></span> <span class='ocrx_word' id='word_1_431' title='bbox 1107 2561 1154 2585; x_wconf 86' lang='lat' dir='ltr'><strong>cui</strong></span> <span class='ocrx_word' id='word_1_432' title='bbox 1173 2559 1314 2594; x_wconf 78' lang='lat' dir='ltr'><strong>Campani</strong></span> <span class='ocrx_word' id='word_1_433' title='bbox 1336 2561 1519 2593; x_wconf 83' lang='lat' dir='ltr'><strong>Principatus</strong></span> <span class='ocrx_word' id='word_1_434' title='bbox 1539 2560 1632 2584; x_wconf 82' lang='lat' dir='ltr'><strong>honos</strong></span> <span class='ocrx_word' id='word_1_435' title='bbox 1657 2562 1700 2584; x_wconf 77' lang='lat' dir='ltr'><strong>est</strong></span> <span class='ocrx_word' id='word_1_436' title='bbox 1726 2560 1890 2588; x_wconf 44' lang='lat' dir='ltr'><strong>attributum</strong></span> <span class='ocrx_word' id='word_1_437' title='bbox 1914 2559 2032 2583; x_wconf 83' lang='lat' dir='ltr'><strong>Alsonsi</strong></span> <span class='ocrx_word' id='word_1_438' title='bbox 2058 2557 2149 2591; x_wconf 68' lang='lat' dir='ltr'><strong>Regi!</strong></span> <span class='ocrx_word' id='word_1_439' title='bbox 2174 2558 2225 2583; x_wconf 61' lang='lat' dir='ltr'><strong>tvl</strong></span> <span class='ocrx_word' id='word_1_440' title='bbox 2257 2563 2293 2590; x_wconf 79' lang='lat'><strong>30</strong></span> 
     </span>
     <span class='ocr_line' id='line_1_37' title="bbox 368 2606 782 2633; baseline 0.005 -3"><span class='ocrx_word' id='word_1_441' title='bbox 368 2606 489 2630; x_wconf 79' lang='lat' dir='ltr'><strong>materni</strong></span> <span class='ocrx_word' id='word_1_442' title='bbox 509 2613 612 2632; x_wconf 91' lang='lat' dir='ltr'><strong>nomen</strong></span> <span class='ocrx_word' id='word_1_443' title='bbox 632 2607 755 2632; x_wconf 88' lang='lat' dir='ltr'><strong>ediderit</strong></span> <span class='ocrx_word' id='word_1_444' title='bbox 763 2606 782 2633; x_wconf 83' lang='lat'><strong>¹.</strong></span> 
     </span>
    </p>
   </div>
   <div class='ocr_carea' id='block_1_15' title="bbox 382 2706 2234 2934">
    <p class='ocr_par' dir='ltr' id='par_1_15' title="bbox 382 2706 2234 2934">
     <span class='ocr_line' id='line_1_38' title="bbox 461 2706 2231 2735; baseline 0 -7"><span class='ocrx_word' id='word_1_445' title='bbox 461 2707 469 2720; x_wconf 81' lang='lat'>¹</span> <span class='ocrx_word' id='word_1_446' title='bbox 484 2708 649 2729; x_wconf 82' lang='lat' dir='ltr'><strong>Nell¹edizione</strong></span> <span class='ocrx_word' id='word_1_447' title='bbox 663 2710 765 2734; x_wconf 72' lang='lat' dir='ltr'><strong>palatina</strong></span> <span class='ocrx_word' id='word_1_448' title='bbox 779 2709 815 2730; x_wconf 87' lang='lat' dir='ltr'><strong>dei</strong></span> <span class='ocrx_word' id='word_1_449' title='bbox 831 2710 882 2730; x_wconf 84' lang='lat' dir='ltr'><strong>RR.</strong></span> <span class='ocrx_word' id='word_1_450' title='bbox 898 2709 980 2730; x_wconf 82' lang='lat' dir='ltr'><em>11.SS.</em></span> <span class='ocrx_word' id='word_1_451' title='bbox 997 2712 1077 2734; x_wconf 76' lang='lat' dir='ltr'><strong>questa</strong></span> <span class='ocrx_word' id='word_1_452' title='bbox 1092 2710 1223 2735; x_wconf 79' lang='lat' dir='ltr'><strong>presazione</strong></span> <span class='ocrx_word' id='word_1_453' title='bbox 1238 2709 1274 2730; x_wconf 87' lang='lat' dir='ltr'><strong>del</strong></span> <span class='ocrx_word' id='word_1_454' title='bbox 1329 2713 1363 2731; x_wconf 78' lang='lat' dir='ltr'><strong>ste</strong></span> <span class='ocrx_word' id='word_1_455' title='bbox 1381 2710 1506 2735; x_wconf 74' lang='lat' dir='ltr'><strong>originaria</strong></span> <span class='ocrx_word' id='word_1_456' title='bbox 1524 2710 1567 2730; x_wconf 86' lang='lat' dir='ltr'><strong>che</strong></span> <span class='ocrx_word' id='word_1_457' title='bbox 1585 2710 1631 2734; x_wconf 86' lang='lat' dir='ltr'><strong>noi,</strong></span> <span class='ocrx_word' id='word_1_458' title='bbox 1652 2709 1681 2730; x_wconf 83' lang='lat' dir='ltr'><strong>ad</strong></span> <span class='ocrx_word' id='word_1_459' title='bbox 1701 2709 1855 2730; x_wconf 72' lang='lat' dir='ltr'><strong>illustratione</strong></span> <span class='ocrx_word' id='word_1_460' title='bbox 1874 2708 1935 2729; x_wconf 72' lang='lat' dir='ltr'><strong>della</strong></span> <span class='ocrx_word' id='word_1_461' title='bbox 1953 2708 2048 2729; x_wconf 84' lang='lat' dir='ltr'><strong>vecchia</strong></span> <span class='ocrx_word' id='word_1_462' title='bbox 2067 2707 2176 2729; x_wconf 69' lang='lat' dir='ltr'><strong>Rnecoltn</strong></span> <span class='ocrx_word' id='word_1_463' title='bbox 2194 2706 2231 2728; x_wconf 81' lang='lat' dir='ltr'><strong>del</strong></span> 
     </span>
     <span class='ocr_line' id='line_1_39' title="bbox 382 2739 2232 2768; baseline 0 -8"><span class='ocrx_word' id='word_1_464' title='bbox 382 2740 515 2768; x_wconf 72' lang='lat' dir='ltr'><strong>Tipograto,</strong></span> <span class='ocrx_word' id='word_1_465' title='bbox 529 2742 572 2762; x_wconf 89' lang='lat' dir='ltr'><strong>che</strong></span> <span class='ocrx_word' id='word_1_466' title='bbox 586 2748 626 2767; x_wconf 83' lang='lat' dir='ltr'><strong>per</strong></span> <span class='ocrx_word' id='word_1_467' title='bbox 641 2743 715 2767; x_wconf 85' lang='lat' dir='ltr'><strong>primo</strong></span> <span class='ocrx_word' id='word_1_468' title='bbox 729 2743 819 2768; x_wconf 66' lang='lat' dir='ltr'><strong>stampe</strong></span> <span class='ocrx_word' id='word_1_469' title='bbox 833 2743 855 2763; x_wconf 85' lang='lat' dir='ltr'><strong>la</strong></span> <span class='ocrx_word' id='word_1_470' title='bbox 869 2743 977 2763; x_wconf 77' lang='lat' dir='ltr'><strong>scrittura</strong></span> <span class='ocrx_word' id='word_1_471' title='bbox 991 2742 1014 2763; x_wconf 90' lang='lat' dir='ltr'><strong>di</strong></span> <span class='ocrx_word' id='word_1_472' title='bbox 1030 2743 1139 2764; x_wconf 80' lang='lat' dir='ltr'><strong>Goffredo</strong></span> <span class='ocrx_word' id='word_1_473' title='bbox 1151 2744 1276 2764; x_wconf 66' lang='lat' dir='ltr'><strong>Mniaterra</strong></span> <span class='ocrx_word' id='word_1_474' title='bbox 1331 2744 1451 2768; x_wconf 81' lang='lat' dir='ltr'><strong>Muratori,</strong></span> <span class='ocrx_word' id='word_1_475' title='bbox 1467 2743 1573 2764; x_wconf 78' lang='lat' dir='ltr'><strong>abbiamo</strong></span> <span class='ocrx_word' id='word_1_476' title='bbox 1587 2743 1666 2764; x_wconf 80' lang='lat' dir='ltr'><strong>voluto</strong></span> <span class='ocrx_word' id='word_1_477' title='bbox 1679 2748 1822 2767; x_wconf 80' lang='lat' dir='ltr'><strong>conservare.</strong></span> <span class='ocrx_word' id='word_1_478' title='bbox 1842 2741 2009 2767; x_wconf 81' lang='lat' dir='ltr'><strong>riproducendo</strong></span> <span class='ocrx_word' id='word_1_479' title='bbox 2027 2740 2120 2762; x_wconf 73' lang='lat' dir='ltr'><strong>dnvanu</strong></span> <span class='ocrx_word' id='word_1_480' title='bbox 2135 2740 2164 2761; x_wconf 70' lang='lat' dir='ltr'><strong>ad</strong></span> <span class='ocrx_word' id='word_1_481' title='bbox 2177 2739 2232 2766; x_wconf 73' lang='lat' dir='ltr'><strong>ogni</strong></span> 
     </span>
     <span class='ocr_line' id='line_1_40' title="bbox 382 2773 2233 2802; baseline 0.001 -9"><span class='ocrx_word' id='word_1_482' title='bbox 382 2773 477 2794; x_wconf 83' lang='lat' dir='ltr'><strong>insieme</strong></span> <span class='ocrx_word' id='word_1_483' title='bbox 486 2780 528 2794; x_wconf 87' lang='lat' dir='ltr'><strong>con</strong></span> <span class='ocrx_word' id='word_1_484' title='bbox 543 2775 619 2800; x_wconf 86' lang='lat' dir='ltr'><strong>quella</strong></span> <span class='ocrx_word' id='word_1_485' title='bbox 633 2775 655 2795; x_wconf 85' lang='lat' dir='ltr'><strong>di</strong></span> <span class='ocrx_word' id='word_1_486' title='bbox 671 2776 810 2796; x_wconf 75' lang='lat' dir='ltr'><strong>Alessandro</strong></span> <span class='ocrx_word' id='word_1_487' title='bbox 824 2776 932 2796; x_wconf 82' lang='lat' dir='ltr'><strong>Telesino</strong></span> <span class='ocrx_word' id='word_1_488' title='bbox 951 2776 1009 2796; x_wconf 90' lang='lat' dir='ltr'><strong>sulle</strong></span> <span class='ocrx_word' id='word_1_489' title='bbox 1023 2776 1093 2796; x_wconf 69' lang='lat' dir='ltr'><strong>Gesta</strong></span> <span class='ocrx_word' id='word_1_490' title='bbox 1112 2776 1147 2797; x_wconf 86' lang='lat' dir='ltr'><strong>dei</strong></span> <span class='ocrx_word' id='word_1_491' title='bbox 1163 2777 1231 2802; x_wconf 77' lang='lat' dir='ltr'><strong>primi</strong></span> <span class='ocrx_word' id='word_1_492' title='bbox 1243 2778 1277 2797; x_wconf 87' lang='lat' dir='ltr'><strong>Re</strong></span> <span class='ocrx_word' id='word_1_493' title='bbox 1331 2779 1389 2797; x_wconf 61' lang='lat' dir='ltr'><strong>testo</strong></span> <span class='ocrx_word' id='word_1_494' title='bbox 1398 2783 1411 2797; x_wconf 87' lang='lat' dir='ltr'><strong>e</strong></span> <span class='ocrx_word' id='word_1_495' title='bbox 1420 2776 1450 2797; x_wconf 80' lang='lat' dir='ltr'><strong>ad</strong></span> <span class='ocrx_word' id='word_1_496' title='bbox 1464 2777 1518 2802; x_wconf 76' lang='lat' dir='ltr'><strong>ogni</strong></span> <span class='ocrx_word' id='word_1_497' title='bbox 1529 2777 1603 2797; x_wconf 82' lang='lat' dir='ltr'><strong>Tomo</strong></span> <span class='ocrx_word' id='word_1_498' title='bbox 1612 2776 1673 2797; x_wconf 80' lang='lat' dir='ltr'><strong>della</strong></span> <span class='ocrx_word' id='word_1_499' title='bbox 1687 2781 1763 2796; x_wconf 89' lang='lat' dir='ltr'><strong>nuova</strong></span> <span class='ocrx_word' id='word_1_500' title='bbox 1778 2775 1887 2796; x_wconf 75' lang='lat' dir='ltr'><strong>Rnccolta</strong></span> <span class='ocrx_word' id='word_1_501' title='bbox 1901 2775 1923 2796; x_wconf 84' lang='lat' dir='ltr'><strong>le</strong></span> <span class='ocrx_word' id='word_1_502' title='bbox 1936 2774 2062 2800; x_wconf 71' lang='lat' dir='ltr'><strong>prefuioni</strong></span> <span class='ocrx_word' id='word_1_503' title='bbox 2076 2779 2117 2795; x_wconf 86' lang='lat' dir='ltr'><strong>sue</strong></span> <span class='ocrx_word' id='word_1_504' title='bbox 2130 2779 2144 2794; x_wconf 86' lang='lat' dir='ltr'><strong>e</strong></span> <span class='ocrx_word' id='word_1_505' title='bbox 2156 2773 2233 2800; x_wconf 81' lang='lat' dir='ltr'><strong>quelle</strong></span> 
     </span>
     <span class='ocr_line' id='line_1_41' title="bbox 383 2806 2234 2835; baseline 0.001 -9"><span class='ocrx_word' id='word_1_506' title='bbox 383 2807 500 2827; x_wconf 86' lang='lat' dir='ltr'><strong>normanni</strong></span> <span class='ocrx_word' id='word_1_507' title='bbox 516 2807 538 2827; x_wconf 88' lang='lat' dir='ltr'><strong>di</strong></span> <span class='ocrx_word' id='word_1_508' title='bbox 553 2808 639 2832; x_wconf 77' lang='lat' dir='ltr'><strong>Sicilia.</strong></span> <span class='ocrx_word' id='word_1_509' title='bbox 654 2809 666 2829; x_wconf 77' lang='grc' dir='ltr'>ὲ</span> <span class='ocrx_word' id='word_1_510' title='bbox 681 2809 803 2834; x_wconf 78' lang='lat' dir='ltr'><strong>preceduta</strong></span> <span class='ocrx_word' id='word_1_511' title='bbox 817 2808 846 2829; x_wconf 89' lang='lat' dir='ltr'><strong>da</strong></span> <span class='ocrx_word' id='word_1_512' title='bbox 861 2815 905 2829; x_wconf 84' lang='lat' dir='ltr'><strong>una</strong></span> <span class='ocrx_word' id='word_1_513' title='bbox 921 2810 1059 2829; x_wconf 67' lang='lat' dir='ltr'><strong>Pumcn’um</strong></span> <span class='ocrx_word' id='word_1_514' title='bbox 1076 2810 1275 2830; x_wconf 73' lang='lat' dir='ltr'>NORMANNORUM</span> <span class='ocrx_word' id='word_1_515' title='bbox 1330 2810 1387 2831; x_wconf 83' lang='lat' dir='ltr'><strong>altre</strong></span> <span class='ocrx_word' id='word_1_516' title='bbox 1397 2811 1439 2830; x_wconf 86' lang='lat' dir='ltr'><strong>che</strong></span> <span class='ocrx_word' id='word_1_517' title='bbox 1449 2810 1464 2830; x_wconf 90' lang='lat' dir='ltr'><strong>il</strong></span> <span class='ocrx_word' id='word_1_518' title='bbox 1475 2810 1539 2830; x_wconf 77' lang='lat' dir='ltr'><strong>dotto</strong></span> <span class='ocrx_word' id='word_1_519' title='bbox 1549 2810 1673 2835; x_wconf 77' lang='lat' dir='ltr'><strong>Vignolese</strong></span> <span class='ocrx_word' id='word_1_520' title='bbox 1682 2815 1755 2830; x_wconf 81' lang='lat' dir='ltr'><strong>aveva</strong></span> <span class='ocrx_word' id='word_1_521' title='bbox 1769 2808 1863 2829; x_wconf 87' lang='lat' dir='ltr'><strong>creduto</strong></span> <span class='ocrx_word' id='word_1_522' title='bbox 1872 2810 2002 2834; x_wconf 76' lang='lat' dir='ltr'><strong>opportuno</strong></span> <span class='ocrx_word' id='word_1_523' title='bbox 2011 2806 2150 2833; x_wconf 75' lang='lat' dir='ltr'><strong>riprodurre.</strong></span> <span class='ocrx_word' id='word_1_524' title='bbox 2165 2806 2234 2828; x_wconf 71' lang='lat' dir='ltr'><strong>Nella</strong></span> 
     </span>
     <span class='ocr_line' id='line_1_42' title="bbox 383 2839 2234 2868; baseline 0.001 -8"><span class='ocrx_word' id='word_1_525' title='bbox 383 2845 462 2860; x_wconf 72' lang='lat' dir='ltr'><strong>Annon</strong></span> <span class='ocrx_word' id='word_1_526' title='bbox 472 2845 653 2866; x_wconf 73' lang='grc' dir='ltr'>ῦΕΝΕΑιοωεΛ,</span> <span class='ocrx_word' id='word_1_527' title='bbox 665 2843 707 2862; x_wconf 84' lang='lat' dir='ltr'><strong>che</strong></span> <span class='ocrx_word' id='word_1_528' title='bbox 718 2843 732 2862; x_wconf 82' lang='grc' dir='ltr'><strong>ἰι</strong></span> <span class='ocrx_word' id='word_1_529' title='bbox 744 2843 855 2863; x_wconf 75' lang='lat' dir='ltr'><strong>Muratori</strong></span> <span class='ocrx_word' id='word_1_530' title='bbox 865 2842 997 2868; x_wconf 83' lang='lat' dir='ltr'><strong>riprodusse</strong></span> <span class='ocrx_word' id='word_1_531' title='bbox 1007 2842 1123 2863; x_wconf 85' lang='lat' dir='ltr'><strong>dall&#39;ediz.</strong></span> <span class='ocrx_word' id='word_1_532' title='bbox 1133 2842 1170 2863; x_wconf 89' lang='lat' dir='ltr'><strong>del</strong></span> <span class='ocrx_word' id='word_1_533' title='bbox 1182 2843 1275 2864; x_wconf 77' lang='lat' dir='ltr'><strong>Carum.</strong></span> <span class='ocrx_word' id='word_1_534' title='bbox 1332 2843 1465 2868; x_wconf 77' lang='lat' dir='ltr'><strong>incertezza,</strong></span> <span class='ocrx_word' id='word_1_535' title='bbox 1476 2843 1582 2864; x_wconf 73' lang='lat' dir='ltr'><strong>abbiamo</strong></span> <span class='ocrx_word' id='word_1_536' title='bbox 1592 2843 1684 2863; x_wconf 78' lang='lat' dir='ltr'><strong>stimato</strong></span> <span class='ocrx_word' id='word_1_537' title='bbox 1694 2843 1733 2868; x_wconf 76' lang='lat' dir='ltr'><strong>piu</strong></span> <span class='ocrx_word' id='word_1_538' title='bbox 1744 2842 1895 2863; x_wconf 83' lang='lat' dir='ltr'><strong>conveniente</strong></span> <span class='ocrx_word' id='word_1_539' title='bbox 1905 2847 1950 2862; x_wconf 85' lang='lat' dir='ltr'><strong>non</strong></span> <span class='ocrx_word' id='word_1_540' title='bbox 1961 2841 1995 2861; x_wconf 76' lang='lat' dir='ltr'><strong>fur</strong></span> <span class='ocrx_word' id='word_1_541' title='bbox 2004 2843 2071 2867; x_wconf 82' lang='lat' dir='ltr'><strong>posto</strong></span> <span class='ocrx_word' id='word_1_542' title='bbox 2081 2840 2120 2866; x_wconf 83' lang='lat' dir='ltr'><strong>qui</strong></span> <span class='ocrx_word' id='word_1_543' title='bbox 2134 2846 2148 2861; x_wconf 78' lang='lat' dir='ltr'><strong>n</strong></span> <span class='ocrx_word' id='word_1_544' title='bbox 2157 2839 2234 2866; x_wconf 70' lang='lat' dir='ltr'><strong>quen·</strong></span> 
     </span>
     <span class='ocr_line' id='line_1_43' title="bbox 386 2873 1794 2901; baseline 0.003 -8"><span class='ocrx_word' id='word_1_545' title='bbox 386 2873 424 2892; x_wconf 82' lang='lat' dir='ltr'><strong>Ma</strong></span> <span class='ocrx_word' id='word_1_546' title='bbox 434 2873 535 2897; x_wconf 74' lang='lat' dir='ltr'><strong>l’alhero,</strong></span> <span class='ocrx_word' id='word_1_547' title='bbox 548 2874 593 2894; x_wconf 81' lang='lat' dir='ltr'><strong>cosi</strong></span> <span class='ocrx_word' id='word_1_548' title='bbox 604 2875 684 2899; x_wconf 74' lang='lat' dir='ltr'><strong>com&#39;e,</strong></span> <span class='ocrx_word' id='word_1_549' title='bbox 696 2875 803 2895; x_wconf 76' lang='lat' dir='ltr'><strong>contiene</strong></span> <span class='ocrx_word' id='word_1_550' title='bbox 814 2875 950 2895; x_wconf 78' lang='lat' dir='ltr'><strong>inesattezze</strong></span> <span class='ocrx_word' id='word_1_551' title='bbox 960 2881 972 2895; x_wconf 88' lang='lat' dir='ltr'><strong>e</strong></span> <span class='ocrx_word' id='word_1_552' title='bbox 982 2875 1070 2899; x_wconf 85' lang='lat' dir='ltr'><strong>lacune,</strong></span> <span class='ocrx_word' id='word_1_553' title='bbox 1080 2876 1122 2896; x_wconf 88' lang='lat' dir='ltr'><strong>che</strong></span> <span class='ocrx_word' id='word_1_554' title='bbox 1132 2881 1177 2896; x_wconf 89' lang='lat' dir='ltr'><strong>non</strong></span> <span class='ocrx_word' id='word_1_555' title='bbox 1188 2877 1277 2901; x_wconf 79' lang='lat' dir='ltr'><strong>pou-eb-</strong></span> <span class='ocrx_word' id='word_1_556' title='bbox 1336 2877 1421 2897; x_wconf 81' lang='lat' dir='ltr'><strong>Tnvola</strong></span> <span class='ocrx_word' id='word_1_557' title='bbox 1435 2877 1585 2901; x_wconf 71' lang='lat' dir='ltr'><strong>genealogica</strong></span> <span class='ocrx_word' id='word_1_558' title='bbox 1599 2877 1663 2901; x_wconf 62' lang='lat' dir='ltr'><strong>degli</strong></span> <span class='ocrx_word' id='word_1_559' title='bbox 1677 2876 1794 2897; x_wconf 73' lang='lat' dir='ltr'><strong>Aleavu&#39;lla.</strong></span> 
     </span>
     <span class='ocr_line' id='line_1_44' title="bbox 385 2905 1277 2934; baseline 0.007 -10"><span class='ocrx_word' id='word_1_560' title='bbox 385 2905 438 2925; x_wconf 80' lang='lat' dir='ltr'><strong>bero</strong></span> <span class='ocrx_word' id='word_1_561' title='bbox 451 2912 525 2926; x_wconf 81' lang='lat' dir='ltr'><strong>essere</strong></span> <span class='ocrx_word' id='word_1_562' title='bbox 544 2910 685 2930; x_wconf 74' lang='lat' dir='ltr'><strong>mantenute:</strong></span> <span class='ocrx_word' id='word_1_563' title='bbox 702 2911 799 2928; x_wconf 73' lang='lat' dir='ltr'><strong>corteno</strong></span> <span class='ocrx_word' id='word_1_564' title='bbox 814 2914 826 2927; x_wconf 89' lang='lat' dir='ltr'><strong>e</strong></span> <span class='ocrx_word' id='word_1_565' title='bbox 840 2909 985 2933; x_wconf 75' lang='lat' dir='ltr'><strong>completam,</strong></span> <span class='ocrx_word' id='word_1_566' title='bbox 1001 2908 1140 2933; x_wconf 84' lang='lat' dir='ltr'><strong>perderebbe</strong></span> <span class='ocrx_word' id='word_1_567' title='bbox 1154 2910 1230 2934; x_wconf 83' lang='lat' dir='ltr'><strong>quella</strong></span> <span class='ocrx_word' id='word_1_568' title='bbox 1241 2916 1277 2930; x_wconf 83' lang='lat' dir='ltr'><strong>ve·</strong></span> 
     </span>
    </p>
   </div>
  </div>
 </body>
</html>
