2314 3418
178 370 207 394 A,
223 375 285 394 299⁹

200 1916 228 1941 B,
242 1921 292 1941 3ου

184 2183 260 2207 Mun„
275 2184 314 2207 ⁶⁰⁵

343 2857 357 2883 5

367 236 380 270 1
394 236 436 271 18
1055 228 1314 266 ANNALES
1342 228 1512 264 SICULI
1909 232 1993 267 [ΑΛ.
2014 232 2210 265 1236-12441

363 357 500 399 accepit
522 365 675 393 uxorem,
698 364 851 386 sororem
874 352 967 396 regis
989 350 1138 395 Angliae
1152 350 1172 383 ¹.
1212 351 1251 383 In
1268 349 1401 384 eodem'
1423 359 1514 382 anno
1538 350 1631 392 oepit
1654 349 1761 382 filium
1789 360 1908 394 regem
1939 349 2141 387 Henricum,
2174 354 2209 381 et

361 410 504 443 retinuit
526 418 604 441 eum
626 408 663 440 in
686 416 828 440 carcere
852 415 1032 449 usquequo
1055 410 1209 436 mortuus
1231 403 1299 436 fuit
1321 402 1414 446 apud
1431 402 1681 442 Marturanum,
1705 408 1741 436 et
1755 403 1908 446 sepultus
1923 403 1992 437 fuit
2006 403 2043 436 in
2060 401 2210 436 ecclesia

362 463 563 497 Cusentina.

449 515 553 547 Anno
577 513 715 546 Domini
739 511 1000 545 MCCXXXVI
1023 510 1181 543 decimae
1204 509 1416 548 indictionis,
1439 509 1559 542 ultimo
1582 509 1710 542 mensis
1731 509 1937 548 novembris,
1968 509 2126 543 dominus
2148 509 2212 541 im-

362 575 500 613 perator
522 567 584 600 ivit
605 565 851 600 Lombardiam
875 574 954 597 cum
977 573 1102 607 magno
1126 563 1294 596 exercitu.
1339 562 1385 596 Et
1406 562 1468 595 ivit
1498 572 1602 605 super
1628 562 1875 600 Mediolanum,
1905 569 1939 595 et
1968 563 2063 606 cepit
2093 571 2212 595 carro-
2256 560 2276 594 5

363 623 455 656 cium
477 618 801 654 Mediolanensium.

451 674 556 706 Anno
573 672 714 706 Domini
730 671 990 705 MCCXXXVI
1006 669 1212 703 undecimae
1226 669 1435 708 indictionis,
1448 679 1566 701 mense
1579 668 1757 707 februarii,
1770 674 1871 702 natus
1882 669 1949 702 fuit
1959 679 2020 701 rex
2030 669 2212 707 Hem-icus,

363 729 454 762 filius
476 726 607 760 domini
631 725 860 770 imperatoris,
883 725 928 757 de
951 735 1058 758 uxore
1081 734 1143 756 sua
1165 723 1279 761 tertia,
1303 733 1392 766 quae
1415 723 1480 755 tuit
1495 732 1593 755 soror
1606 721 1700 766 regis
1714 721 1874 766 Angliae.
1921 723 1959 755 In
1983 722 2106 756 eodem
2122 732 2214 755 anno

364 782 525 816 dominus
547 780 739 823 imperator
762 778 900 812 obsedit
921 784 1060 816 terram,
1084 788 1173 821 quae
1198 777 1326 810 dicitur
1348 775 1453 809 Brixa
1464 776 1487 816 ²,
1511 781 1547 809 et
1568 775 1655 808 nihil
1678 775 1873 818 praevaluit
1894 775 1931 808 in
1954 785 2005 808 ea.

450 833 555 867 Anno
578 833 719 866 Domini
741 831 1019 866 MCCXXXVII
1043 830 1271 864 duodecimae
1294 829 1505 868 indictionis,
1527 828 1639 871 primo
1661 828 1787 861 mensis
1809 828 1954 872 augusti,
1983 827 2215 862 Marchafaba
2241 828 2285 861 101

365 893 517 921 secretus
539 886 634 919 obiit.
680 886 768 918 Item
784 885 908 918 eodem
924 895 1016 917 anno
1032 895 1125 927 papa
1141 883 1331 928 Gregorius
1347 881 1657 915 excommunicavit
1680 881 1857 914 dominum
1879 881 2123 924 imperatorem
2139 881 2216 916 Fri-

366 942 537 975 clericum.

453 994 559 1027 Anno
582 992 720 1026 Domini
742 991 1036 1026 MCCXXXVIII
1068 991 1225 1024 decimae
1255 989 1377 1023 tertiae
1407 988 1619 1029 indictionis,
1649 988 1716 1022 fuit
1745 994 1899 1022 secretus
1929 988 2072 1022 Siciliae
2101 987 2217 1034 Major

367 1049 411 1081 de
428 1047 675 1085 Blancadoria‚
692 1052 728 1080 et
750 1045 951 1090 justitiarius
966 1043 1109 1078 Siciliae
1127 1043 1333 1077 Guillelmus
1344 1044 1388 1076 de
1404 1043 1585 1086 Anglone3
1602 1048 1638 1075 et
1649 1048 1914 1085 permanserunt
1923 1042 1960 1075 in
1971 1041 2084 1075 officio
2096 1052 2216 1075 eorum
2295 1063 2299 1081 ,-

364 1111 428 1145 per
443 1100 590 1143 spatium
605 1099 772 1133 mensium
787 1105 931 1142 septem.
978 1099 1024 1131 Et
1038 1098 1073 1130 in
1089 1108 1206 1130 mense
1227 1096 1313 1140 junii
1335 1097 1451 1130 dictae
1469 1096 1681 1135 indictionis,
1697 1095 1765 1128 fuit
1780 1101 1936 1129 secretus
1951 1095 2089 1128 Siciliae
2106 1094 2218 1129 Ober-
2245 1091 2299 1136 15}

366 1161 421 1189 tus
444 1154 701 1192 Fallamonaca,
725 1159 761 1186 et
782 1152 985 1196 justitiarius
1006 1151 1131 1184 Petrus
1154 1151 1199 1184 de
1222 1151 1385 1184 Calabria
1396 1149 1419 1188 ³,
1444 1156 1478 1182 et
1500 1149 1703 1193 capitaneus
1725 1149 1903 1194 Rogerius
1926 1150 1970 1182 de
1986 1147 2131 1182 Amicis.
2294 1140 2298 1148 ¹

456 1209 561 1241 Anno
585 1207 725 1240 Domini
748 1205 1011 1240 MCCXXXIX
1041 1205 1197 1238 decimae
1229 1210 1372 1248 quartae
1403 1203 1613 1243 indictionis,
1643 1203 1791 1247 praelati
1822 1204 1850 1236 F
1851 1203 1991 1235 ranciae
2023 1202 2117 1246 capti
2142 1202 2217 1235 fue-

368 1268 447 1295 runt
468 1273 490 1294 a
513 1260 652 1294 domino
675 1259 858 1294 Friderico
881 1259 1103 1302 imperatore,
1125 1264 1282 1301 tempore
1306 1257 1439 1290 domini
1466 1257 1628 1301 Gregorii
1658 1266 1783 1300 papae.
1830 1257 1876 1289 Et
1905 1256 1940 1288 in
1971 1256 2095 1289 eodem
2126 1265 2219 1289 anno

371 1317 467 1349 idem
491 1314 648 1347 dominus
670 1324 763 1356 papa
786 1313 882 1346 obiit.

456 1368 560 1402 Anno
584 1367 724 1400 Domini
747 1366 915 1400 MCCXL
939 1366 1094 1399 decimae
1118 1366 1261 1409 quintae
1284 1365 1496 1404 indictionis,
1521 1370 1595 1397 erat
1617 1363 1820 1409 justitiarius
1842 1364 1878 1395 in
1900 1362 2021 1396 Sicilia
2035 1363 2160 1396 Petrus
2175 1363 2220 1396 de
2243 1365 2287 1396 20

370 1422 545 1457 Calabria.
592 1421 637 1453 Et
659 1421 694 1452 in
719 1421 843 1454 eodem
867 1430 958 1452 anno
981 1420 1156 1463 Rogerius
1179 1419 1223 1451 de
1246 1418 1380 1452 Amicis
1403 1419 1466 1451 ivit
1489 1418 1583 1461 apud
1605 1417 1786 1450 soldanum
1814 1416 2042 1450 Babilloniae.

458 1475 563 1508 Anno
585 1473 723 1507 Domini
745 1472 932 1506 MCCXLI
956 1473 1087 1515 primae
1111 1472 1323 1510 indictionis,
1347 1472 1497 1504 Obertus
1520 1471 1565 1503 de
1581 1471 1828 1504 Fallamonaca
1844 1471 1888 1503 de
1904 1470 2066 1503 mandato
2090 1469 2221 1503 domini

370 1528 590 1573 imperatoris
605 1527 669 1560 ivit
680 1526 775 1570 apud
789 1526 1005 1559 Maroccum.
1040 1525 1085 1559 Et
1100 1526 1137 1558 in
1154 1526 1277 1558 eodem
1292 1535 1384 1558 anno
1400 1525 1563 1557 soldanus
1579 1525 1623 1556 de
1640 1523 1821 1558 Chamella
1837 1529 1871 1556 et
1886 1523 2098 1556 Crosminius
2109 1523 2122 1541 ⁴
2138 1523 2222 1556 insi-

371 1584 511 1616 luerunt
541 1581 767 1619 Christianos,
797 1580 857 1624 qui
889 1579 1094 1612 habitabant
1123 1579 1328 1623 Jerusalem,
1360 1584 1395 1611 et
1426 1584 1596 1621 ceperunt
1629 1578 1717 1616 illos,
1753 1577 1960 1610 occiderunt
1994 1582 2030 1610 et
2064 1577 2222 1620 captivos

372 1638 554 1670 duxerunt.
600 1635 647 1667 Et
669 1634 705 1666 in
729 1634 854 1667 eodem
876 1633 970 1667 bello
994 1633 1061 1666 fuit
1076 1639 1231 1666 mortuus
1246 1632 1306 1664 ille
1321 1631 1515 1670 Perfectus,
1533 1631 1719 1673 episcopus
1735 1630 1857 1663 Sancti
1875 1630 2019 1674 Georgii
2033 1629 2078 1663 de
2094 1630 2219 1669 Rama,
2243 1629 2286 1663 25

371 1696 406 1723 et
429 1689 589 1723 dominus
613 1687 810 1721 Gualterius
832 1687 876 1720 de
900 1686 1014 1725 Ereta,
1039 1686 1197 1718 dominus
1220 1686 1372 1730 Joppen.
1417 1685 1463 1717 Et
1485 1684 1522 1716 in
1543 1684 1612 1717 illis
1635 1683 1757 1717 diebus
1787 1683 1945 1717 dominus
1977 1682 2152 1727 Rogerius
2175 1683 2220 1716 de
2295 1682 2297 1685 '

373 1742 508 1775 Amicis
530 1741 693 1774 manebat
714 1739 932 1773 Babiloniam
956 1745 991 1772 et
1013 1739 1048 1771 in
1071 1739 1222 1784 Cayrum
1248 1749 1325 1771 cum
1348 1738 1504 1771 soldano.

461 1795 564 1828 Anno
586 1795 727 1828 Domini
749 1792 951 1827 MCCXLII
974 1793 1151 1826 secundae
1173 1792 1389 1833 indictionis,
1413 1791 1589 1835 Rogerius
1612 1792 1655 1824 de
1678 1790 1812 1824 Parisio
1842 1790 1908 1823 fuit
1939 1790 2142 1833 capitaneus
2171 1789 2224 1824 Si-

374 1850 488 1888 ciliae,
512 1848 719 1883 Guillelmus
742 1848 786 1880 de
810 1846 960 1881 Caravia
983 1846 1194 1880 iustitiarius.

461 1902 565 1935 Anno
581 1901 722 1935 Domini
738 1899 957 1934 MCCXLIII
972 1899 1094 1934 tertiae
1110 1899 1319 1937 indictionis,
1336 1900 1494 1932 dominus
1511 1897 1729 1932 Senebaldus
1745 1897 1934 1931 cardinalis
1949 1897 2101 1940 suscepit
2115 1907 2223 1941 papa-
2246 1897 2289 1931 30

375 1963 446 1990 tum
469 1966 660 1989 romanum.
707 1955 753 1988 Et
775 1954 889 1988 statim
912 1954 975 1986 ivit
996 1963 1060 1996 per
1074 1964 1168 1986 mare
1186 1954 1279 1996 apud
1295 1953 1454 1996 Januam;
1472 1958 1507 1985 et
1523 1958 1644 1995 postea
1658 1952 1720 1984 ivit
1735 1962 1844 1994 usque
1860 1951 2078 1995 Lugdunum,
2094 1956 2129 1983 et
2143 1960 2224 1993 per-

374 2009 498 2043 mansit
514 2009 563 2042 ibi
578 2020 642 2051 per
657 2008 806 2051 spatium
823 2017 989 2040 annorum
1005 2016 1075 2039 sex·
1108 2007 1195 2039 Item
1211 2005 1335 2039 eodem
1352 2015 1456 2044 anno,
1472 2015 1590 2039 mense
1613 2004 1689 2037 iulii
1712 2004 1865 2038 eiusdem
1881 2003 2089 2042 indictionis,
2106 2013 2225 2036 omnes

376 2064 543 2097 Saraceni
560 2063 604 2095 de
620 2061 750 2100 Sicilia,
765 2067 929 2104 tanquam
945 2059 1103 2098 rebelles,
1120 2060 1353 2092 ascenderunt
1367 2060 1403 2091 in
1420 2065 1593 2097 montana,
1609 2064 1645 2091 et
1661 2064 1829 2101 ceperunt
1839 2058 1956 2102 Jatum
1973 2062 2008 2090 et
2020 2055 2194 2090 Alicatam
2203 2056 2224 2088 ⁵.

466 2116 570 2149 Anno
593 2114 732 2149 Domini
754 2113 977 2148 MCCXLIV
999 2119 1142 2156 quartae
1166 2113 1376 2150 indictionis,
1401 2122 1519 2144 mense
1543 2111 1657 2144 martii
1680 2111 1836 2144 eiusdem
1865 2110 2078 2150 indictionis,
2105 2109 2226 2143 Tibal-

378 2172 443 2204 dus
466 2169 684 2203 Fran'ciscus
714 2174 749 2201 et
771 2167 976 2201 Guillelmus
999 2167 1043 2199 de
1067 2166 1197 2200 Sancto
1222 2167 1402 2204 Severino,
1426 2172 1461 2198 et
1483 2166 1541 2198 alii
1567 2165 1712 2198 comites
1735 2171 1770 2198 et
1792 2165 1938 2198 barones
1968 2165 2012 2197 de
2035 2173 2144 2208 regno
2168 2173 2226 2196 ce-
2248 2162 2290 2197 35

378 2229 504 2269 perunt
527 2229 653 2256 terram
676 2221 820 2265 Capacii
833 2219 846 2237 ⁰
862 2227 896 2254 et
911 2217 1017 2263 ipsius
1032 2226 1181 2253 castrum
1198 2226 1372 2262 tamquam
1395 2219 1560 2257 rebelles;
1586 2225 1622 2252 et
1637 2218 1796 2252 dominus
1819 2219 2006 2261 imperator
2027 2217 2226 2251 Fridericus

377 2275 550 2311 secundus
565 2275 702 2309 obsedit
726 2285 795 2307 eos.
829 2274 875 2307 Et
890 2274 929 2306 in
943 2273 1128 2306 medietate
1152 2273 1279 2306 mensis
1294 2273 1367 2306 iulii
1384 2273 1538 2306 eiusdem
1554 2272 1765 2314 indictionis,
1782 2271 1878 2314 cepit
1894 2281 1953 2304 eos
1969 2281 2100 2310 omnes,
2115 2270 2228 2313 captis

377 2330 535 2365 omnibus
551 2328 745 2362 hominibus
767 2328 826 2371 qui
849 2327 1032 2360 manebant
1054 2337 1133 2360 cum
1156 2326 1236 2365 illis,
1260 2333 1295 2359 et
1317 2327 1476 2359 coecavit
1498 2326 1584 2365 illos,
1609 2332 1644 2358 et
1665 2325 1700 2358 in
1716 2331 1808 2358 terra
1824 2324 1991 2367 Neapolis
2013 2334 2133 2358 omnes
2146 2323 2226 2357 illos
2271 2364 2274 2366 v

377 2383 572 2418 succendit.
617 2382 664 2415 Et
687 2381 789 2415 etiam
813 2382 857 2414 de
879 2380 1106 2414 nobilioribus
1128 2379 1328 2413 mulieribus
1349 2379 1450 2423 regni
1475 2379 1581 2422 cepit,
1612 2385 1647 2412 et
1678 2379 1769 2412 misit
1791 2378 1868 2411 illas
1890 2378 1927 2410 in
1959 2387 2102 2411 carcere
2131 2377 2226 2420 apud

379 2437 598 2474 Panormum,
621 2441 656 2468 et
678 2445 853 2478 nunquam
875 2439 997 2476 postea
1020 2439 1298 2476 comparuerunt.
1345 2434 1431 2466 Item
1456 2433 1580 2466 eodem
1604 2443 1707 2472 anno,
1729 2442 1845 2464 mense
1871 2431 1956 2469 iulii,
1988 2429 2142 2464 eiusdem
2172 2430 2225 2463 in·
2249 2429 2292 2463 40

381 2490 554 2529 dictionis,
577 2489 646 2522 fuit
668 2489 875 2522 constitutus
898 2487 933 2520 in
956 2487 1074 2520 Sicilia
1097 2487 1293 2520 iustitiarius
1316 2486 1420 2531 Hugo
1444 2486 1487 2519 de
1512 2485 1649 2519 Casino.

472 2634 495 2652 1.
513 2626 638 2660 AngHae
656 2627 686 2651 et
704 2625 729 2650 B
747 2638 780 2643 —
801 2631 842 2650 ιι.
861 2624 996 2656 secretus]
1016 2624 1182 2649 secretarius
1201 2623 1319 2649 Siciliae
1337 2624 1363 2648 A
1375 2636 1408 2642 —
1431 2622 1471 2648 16.
1491 2622 1688 2648 Fallamonica
1709 2621 1733 2647 C
1749 2635 1781 2640 --
1802 2628 1843 2647 21.
1864 2622 1899 2646 ad
1918 2621 2067 2646 soldanum
2090 2619 2114 2645 C
2129 2632 2162 2639 -
2182 2626 2224 2653 ²3.

378 2669 541 2695 Maroctum
554 2669 580 2693 B
598 2682 607 2687 -
627 2667 775 2694 Chsmella
798 2675 812 2692 ι
831 2666 1011 2692 Crosmlnlus
1028 2673 1077 2690 om.
1101 2665 1136 2694 σς
1155 2665 1325 2691 Crosmlniis
1344 2665 1368 2690 A
1386 2679 1419 2683 —
1439 2665 1482 2692 26.
1501 2664 1655 2691 Guaterius
1673 2665 1697 2690 A
1710 2665 1734 2690 C
1751 2678 1759 2682 -
1774 2664 1865 2697 Jopen
1884 2663 1906 2688 C
1923 2678 1954 2682 -
1969 2662 2012 2688 28.
2024 2663 2140 2688 Pul-eo
2153 2662 2179 2687 B
2192 2675 2224 2680 -—·

383 2718 424 2744 ²9.
444 2709 579 2744 Caravis]
598 2711 724 2736 Tarauin
746 2711 785 2739 B;
804 2709 927 2734 Tarsum
945 2708 972 2732 P
986 2721 1019 2726 -
1038 2714 1081 2740 30.
1100 2707 1282 2733 Seu-ebaldus
1300 2708 1324 2732 Α
1338 2707 1361 2732 C
1377 2721 1409 2727 —
1423 2715 1467 2740 31.
1480 2708 1631 2732 Ludunum
1649 2707 1673 2732 A
1686 2707 1709 2731 C
1719 2721 1751 2725 —
1765 2714 1808 2739 33.
1827 2703 1983 2739 Alicatam]
2000 2704 2145 2730 Autan-m
2166 2706 2192 2731 A
2205 2703 2229 2729 C

383 2767 415 2772 —
434 2753 477 2786 38.
497 2752 638 2785 coecavit]
657 2751 780 2778 certavlt
796 2751 836 2781 A;
854 2751 1068 2783 transportavit
1088 2750 1112 2775 C
1129 2764 1161 2768 -—
1180 2757 1222 2782 39.
1242 2750 1340 2782 etlam]
1358 2750 1425 2775 inde
1443 2751 1472 2775 P
1489 2763 1521 2768 —
1541 2757 1584 2783 41.
1604 2749 1725 2782 Casino]
1744 2748 1904 2781 Carpasino
1923 2748 1964 2778 A;
1983 2746 2134 2782 Cnprsfino
2151 2747 2178 2772 B

474 2850 482 2867 ¹
503 2852 585 2877 mcc.
605 2858 644 2876 m:
663 2850 690 2876 s.
712 2850 875 2879 camme.
894 2856 922 2882 p.
940 2854 1001 2882 373·
1329 2848 1444 2881 Jmpmae
1458 2848 1561 2874 mam
1577 2848 1680 2873 mauu
1693 2846 1774 2880 xm,
1794 2855 1821 2881 p.
1840 2846 1901 2879 ⁶⁶5.
2258 2830 2294 2870 ω’

474 2892 486 2910 ²
503 2894 627 2919 Brucla.
1419 2889 1430 2906 ⁴
1449 2890 1530 2924 EJub‚
1550 2890 1665 2915 sultano
1684 2889 1821 2922 d’Egstto,
1841 2889 1953 2914 aiutato
1979 2888 2025 2913 dal
2051 2886 2227 2912 Com-ami.

471 2934 483 2952 ¹
501 2935 525 2961 11
546 2935 629 2961 Ruffo
647 2936 762 2960 dovette
780 2941 870 2959 essere
890 2933 1040 2959 nominato
1058 2940 1075 2957 a
1093 2933 1193 2964 questo
1219 2933 1279 2958 uffi-
1421 2931 1432 2947 ⁵
1444 2933 1524 2965 Jato,
1543 2933 1573 2957 ln
1594 2939 1677 2964 prov.
1697 2932 1726 2957 di
1748 2931 1888 2960 Palermo,
1901 2939 1915 2955 e
1929 2930 2037 2959 Licata,
2050 2929 2082 2954 in
2096 2936 2177 2962 prov.
2197 2929 2227 2954 dl

385 2977 431 3002 clo
449 2977 524 3003 sulla
542 2977 597 3003 fine
617 2977 662 3003 del
684 2984 759 3010 1239,
785 2984 804 3001 ο
828 2977 872 3002 sul
898 2974 1024 3009 principi
1047 2974 1092 3000 del
1121 2981 1195 3006 1240.
1232 2973 1279 2999 Cf.
1334 2974 1534 3000 Caltanlsetta.

385 3019 733 3050 §immun-Batauum,
745 3018 779 3050 V,
792 3027 818 3053 p.
829 3024 890 3052 953,
902 3026 917 3043 e
929 3018 960 3044 E.
973 3017 1204 3049 mesuuux,
1215 3017 1280 3042 Acta
1424 3014 1436 3032 ⁶
1453 3015 1606 3049 Capacclo,
1626 3016 1658 3041 ln
1678 3023 1759 3050 prov.
1778 3015 1807 3040 dl
1826 3014 1955 3040 Salei-no.
