2314 3418
156 208 321 244 [A.1o9⁷l
519 202 588 238 DE
614 200 782 238 REBUS
811 201 986 237 GESTIS
1015 200 1232 236 ROGERII
1260 199 1471 235 COMITIS
1499 199 1614 234 ETC.
1911 199 1980 233 103

151 325 259 359 ritatis
280 325 408 370 gradus
429 325 485 358 vel
506 325 637 359 ordinis
657 335 835 368 personas,
858 324 980 368 quibus
1003 323 1142 357 facilius
1157 323 1330 362 credatur,
1347 323 1392 356 ad
1406 322 1444 354 id
1460 321 1729 355 confirmandum
1743 320 1865 353 mittat.
1904 319 1986 358 Qui,

153 378 296 412 anhelus
319 379 457 422 exequi,
481 377 684 417 Arduinum,
705 378 903 422 Joviensem
926 378 1138 420 episcopum,
1162 382 1195 409 et
1222 376 1391 408 Thomam
1423 374 1582 408 comitem
1606 374 1699 408 idem
1730 373 1983 416 expostulatum

150 431 263 465 mittit.
308 431 434 465 Comes
455 438 570 465 autem
600 442 661 465 eos
690 433 834 464 honeste
865 431 1052 474 accipiens,
1082 440 1201 463 secum
1229 429 1384 468 detinuit,
1415 434 1461 468 et,
1490 428 1535 461 de
1564 427 1634 460 suis
1663 427 1826 460 honestos
1849 432 1883 459 et
1913 426 1982 458 cal-

57 515 71 534 ι,
149 485 243 518 lidos
263 485 356 518 viros
378 486 472 528 apud
494 485 709 518 Pannoniam
730 484 879 523 mittens,
903 484 937 515 in
961 494 1079 516 eorum
1102 482 1297 526 praesentia
1319 494 1339 514 a
1361 482 1611 525 potentioribus
1633 480 1782 524 regionis
1798 480 1887 513 illius
1903 490 1983 512 exe-

59 543 83 583 55ss
108 537 128 570 5
151 537 289 581 quenda
310 537 545 580 postulabatur
565 539 757 582 juramento
780 538 915 570 firmare
938 537 1053 580 exigit.
1101 535 1208 573 Quod
1230 545 1294 568 rex
1319 535 1465 568 libenter
1487 544 1642 567 annuens
1657 544 1719 576 per
1734 544 1830 566 suum
1847 534 1983 572 ducem,

149 591 291 623 nomine
313 589 464 630 Alivum,
487 596 522 623 et
544 591 696 634 reliquos
718 600 787 623 non
811 590 950 622 minoris
972 589 1149 633 dignitatis
1171 588 1274 627 viros,
1297 588 1421 628 omnia,
1438 598 1527 631 quae
1537 588 1762 620 mandaverat
1779 585 1983 629 exequenda

147 643 339 687 iuramento
363 644 520 677 firmavit.
567 644 696 688 Sicque
717 644 850 687 legatos
873 643 1019 682 comitis.
1042 648 1080 675 ut
1102 647 1242 685 pactum
1265 642 1504 675 confirmatum
1526 640 1742 679 renunciant,
1767 639 1982 672 munificatos

149 707 170 729 a
191 707 229 730 se
253 698 406 731 dimittit.

63 780 67 786 ὁ
234 750 359 784 Comes
380 758 505 790 autem,
527 751 695 784 relatione
716 761 854 784 suorum
876 757 1031 792 accepta,
1054 749 1148 782 haud
1170 749 1274 793 longe
1296 758 1396 781 secus
1412 754 1446 781 et
1460 748 1554 790 ipsos
1570 747 1702 791 legatos
1724 747 1816 790 regis
1837 757 1858 778 a
1879 756 1917 778 se
1933 746 1984 779 di-

8 805 10 813 *
65 841 71 849 ²
85 801 124 836 io
147 803 297 842 mittens,
319 804 477 847 pluribus
499 804 686 838 honoribus
707 803 898 846 ampliavit:
922 804 996 846 regi
1018 803 1200 835 terminum
1223 811 1291 846 quo
1314 801 1380 834 sibi
1403 800 1520 834 filiam'
1543 811 1637 833 suam
1661 800 1784 839 mittat,
1807 799 1933 832 statuit.

86 863 88 866 ’
235 855 338 890 Anno
360 857 476 901 itaque
498 857 638 890 Domini
661 857 904 889 incarnationis
925 855 1110 895 MXCVII,
1125 855 1300 898 apparatis
1312 865 1400 898 quae
1414 854 1611 887 necessaria
1625 859 1733 891 erant,
1749 863 1865 885 mense
1881 852 1983 895 majo,

146 920 224 943 cum
247 911 409 943 trecentis
430 911 600 944 militibus
621 920 730 954 usque
753 909 920 943 Thermas
934 908 943 926 ¹
968 910 1163 942 conducere
1186 909 1283 951 facit,
1306 908 1505 947 Hem-icum,
1528 906 1830 940 Leocastrensem'
1845 906 1980 948 episco-

146 973 227 1005 pum
239 962 262 1001 ¹,
286 970 320 997 et
342 964 507 1008 quosdam
531 963 576 997 de
599 963 756 996 fidelibus
778 962 856 1000 suis,
880 961 1004 995 abinde
1026 961 1196 994 maritimo
1213 971 1315 994 cursu
1338 972 1415 994 cum
1438 960 1552 1004 puella
1575 969 1684 1003 usque
1707 959 1752 992 ad
1774 959 1979 991 Panormum

144 1017 356 1059 praecedere
378 1017 524 1056 faciens,
546 1017 616 1055 ubi,
638 1015 784 1048 navibus
813 1015 1000 1058 apparatis,
1029 1014 1178 1057 puellam
1208 1025 1285 1047 cum
1319 1014 1435 1047 multis
1463 1013 1679 1056 sponsalibus
1706 1012 1982 1051 intromittentes,

84 1068 121 1102 15
144 1069 230 1102 velis
251 1075 355 1103 vento
378 1069 574 1108 commissis,
596 1079 762 1112 prospera
778 1079 860 1100 aura
874 1068 989 1106 flante,
1004 1078 1068 1110 per
1083 1077 1235 1110 aequora
1250 1068 1418 1106 feruntur,
1432 1076 1541 1110 usque
1558 1066 1639 1098 dum
1655 1066 1690 1097 in
1707 1072 1844 1108 portum
1859 1064 1981 1102 Albae,

143 1123 204 1166 qui
225 1123 311 1167 juris
332 1123 422 1167 reg-is
445 1122 662 1166 Ungarorum
685 1127 747 1159 est,
768 1122 907 1164 impune
932 1121 1117 1163 applicant.
1163 1120 1232 1153 Hic
1256 1121 1452 1160 Vincurius,
1476 1130 1590 1152 comes
1612 1118 1838 1162 Bellegratae‚
1862 1118 1982 1150 missus

144 1185 222 1208 cum
245 1177 397 1219 quinque
419 1175 568 1209 millibus
588 1181 806 1213 armatorum,
833 1173 955 1207 obvius
984 1173 1060 1213 fuit,
1091 1183 1237 1216 eamque
1267 1183 1345 1206 cum
1375 1173 1438 1212 his,
1468 1173 1527 1216 qui
1557 1183 1633 1205 cum
1663 1173 1738 1214 ipsa
1761 1172 1980 1209 advenerant,

51 1260 53 1263 ,
143 1228 308 1262 decenter
329 1230 515 1272 excipiens,
536 1239 645 1272 usque
667 1228 712 1260 ad
734 1237 848 1271 regem
870 1226 1041 1269 perduxit.

39 1274 52 1337 ff
230 1282 300 1315 Per
321 1288 426 1316 totam
449 1281 662 1315 Pannoniam
685 1281 825 1324 nuptiae
847 1280 938 1324 regis
960 1280 1254 1323 praeconizantur.
1301 1281 1466 1324 Undique
1489 1290 1566 1313 cum
1597 1279 1730 1312 exeniis
1752 1278 1978 1311 concurritur.

40 1333 54 1384 ’ξ
78 1335 120 1367 20
144 1335 193 1368 Et
215 1345 293 1368 cum
316 1346 452 1379 semper
474 1336 638 1379 frequens
660 1340 696 1367 et
715 1344 898 1367 numerosa
919 1344 1039 1366 manus
1062 1345 1106 1366 ex
1128 1344 1224 1366 more
1249 1344 1325 1366 cum
1351 1343 1434 1378 rege
1456 1334 1504 1373 fit,
1527 1332 1813 1366 innumerabilem
1844 1331 1978 1364 turbam

142 1388 220 1430 pius
242 1388 344 1422 solito
373 1399 488 1422 rumor
517 1388 726 1431 nuptiarum,
750 1394 784 1421 et
813 1397 924 1420 novae
955 1386 1098 1431 reginae
1128 1387 1303 1420 videndae
1336 1388 1521 1430 appetitus,
1552 1386 1724 1419 conflavit.
1769 1385 1833 1418 Die
1866 1386 1979 1418 deter-

142 1441 283 1480 minato,
304 1441 543 1485 praesentibus
575 1440 850 1484 archiepiscopis
881 1446 916 1473 et
949 1439 1120 1483 episcopis
1151 1445 1186 1472 et
1216 1440 1361 1473 diversis
1390 1439 1579 1478 ordinibus,
1611 1439 1674 1472 dos
1703 1438 1840 1481 puellae
1871 1438 1980 1482 regali

141 1503 239 1528 more
260 1495 297 1527 in
319 1493 462 1538 publico
477 1500 694 1538 protestatur,
717 1503 778 1527 rex
794 1499 828 1527 et
842 1494 965 1537 regina
976 1493 1148 1526 catholice
1163 1493 1291 1535 pariter
1306 1493 1567 1535 desponsantur,
1582 1493 1822 1535 solemnesque
1839 1497 1978 1534 nuptiae

140 1547 179 1580 in
201 1547 360 1581 tentoriis
381 1554 416 1581 et
438 1558 482 1580 ex
504 1547 695 1581 virentibus
709 1547 813 1579 ramis
835 1546 1067 1579 tabernaculis
1081 1546 1184 1579 factis
1208 1545 1434 1578 celebrantur.
1481 1545 1570 1578 Nam
1588 1545 1702 1578 nullae
1719 1545 1840 1577 domus
1862 1549 1978 1577 tantae

54 1640 55 1644 Ἰ
76 1600 118 1633 25
141 1600 351 1634 multitudini
376 1600 599 1634 sufficiebant.
645 1600 784 1643 Nuptiis
805 1600 921 1643 itaque
941 1599 1052 1643 regali
1073 1609 1170 1633 more
1193 1599 1348 1642 expletis,
1372 1610 1435 1631 rex
1462 1599 1661 1641 episcopum
1684 1598 1977 1639 Leocastrensem,

49 1647 52 1650 ’
141 1659 177 1687 et
198 1654 258 1697 qui
283 1665 360 1687 cum
391 1655 467 1698 ipso
498 1653 667 1688 reversuri
698 1659 876 1696 venerant,
903 1652 1150 1697 aliquantisper
1179 1663 1296 1686 secum
1328 1652 1533 1684 commorari
1567 1651 1713 1690 faciens,
1745 1656 1783 1684 ut
1812 1651 1910 1684 videt
1933 1651 1977 1683 de

140 1707 355 1750 regressione
377 1707 531 1748 festinos,
551 1706 716 1751 regaliter
738 1706 953 1739 munificatos
975 1717 996 1738 a
1017 1715 1055 1738 se
1081 1705 1219 1738 dimisit.
1263 1704 1318 1738 Illi
1350 1705 1395 1737 ad
1423 1710 1560 1747 portum
1592 1703 1778 1742 venientes,
1809 1702 1978 1737 maritimo

139 1769 243 1793 cursu
265 1760 406 1804 regredi
429 1759 637 1794 accelerant.

48 1851 51 1858 Ο
227 1812 374 1857 Jamque
396 1819 534 1847 nostrae
556 1813 673 1858 gentis
694 1813 779 1846 fines
801 1812 1127 1856 appropinquantes,
1150 1822 1228 1845 cum
1251 1817 1379 1844 terram
1410 1811 1542 1844 eminus
1573 1810 1780 1854 cospiciunt,
1807 1809 1975 1848 navicula,

38 1867 45 1905 J
74 1866 119 1899 30
140 1866 178 1899 in
199 1876 267 1911 qua
289 1866 472 1910 episcopus
495 1871 578 1903 erat,
601 1865 706 1899 sociis
735 1865 839 1898 armis
867 1865 1075 1904 carentibus,
1106 1875 1127 1897 a
1158 1864 1302 1898 'duabus
1331 1865 1519 1908 piratarum
1550 1863 1706 1902 navibus,
1738 1873 1823 1906 quas
1847 1862 1965 1908 galeas

44 1914 45 1918 ¹
139 1919 326 1962 appellant,
349 1919 521 1953 hostiliter
543 1919 754 1963 aggreditur.
801 1918 1005 1959 Nauclerus,
1027 1918 1087 1962 qui
1116 1918 1230 1951 navim
1253 1917 1408 1962 regebat,
1430 1917 1545 1961 jaculo
1568 1917 1760 1954 confossus,
1789 1916 1974 1954 occiditur;

140 1971 247 2011 navis,
270 1972 400 2016 remige
424 1983 554 2011 carens,
577 1972 846 2006 submersionem
868 1971 1025 2004 minatur.
1069 1971 1274 2015 Episcopus,
1299 1971 1429 2004 nullum
1451 1970 1623 2014 refugium
1645 1980 1815 2003 armorum
1831 1969 1973 2008 habens,

138 2024 200 2059 sed
221 2036 334 2070 neque
356 2026 513 2060 hostibus
536 2026 750 2060 deditionem
773 2025 885 2059 subire
908 2025 1038 2065 volens,
1060 2026 1126 2058 Dei
1149 2025 1312 2058 auxilium
1334 2024 1534 2067 implorans,
1549 2023 1662 2057 socios
1677 2024 1840 2056 hortatur.
1885 2023 1973 2065 Ipse,

139 2078 231 2112 idem
254 2079 400 2118 taciens,
422 2079 516 2113 inter
538 2079 605 2112 alia
627 2079 820 2123 subjungit:
847 2078 862 2095 “
876 2079 971 2112 Deus
993 2097 1034 2102 -
1057 2078 1169 2122 inquit
1190 2097 1232 2102 —
1263 2078 1290 2110 si
1320 2079 1404 2110 meis
1433 2077 1591 2120 peccatis
1620 2075 1835 2120 exigentibus
1864 2075 1976 2107 minus

8 2139 10 2142 ’
54 2127 116 2165 '35
144 2134 308 2166 “mereor
329 2133 498 2171 exaudiri,
520 2133 644 2165 exaudi
666 2132 787 2165 saltem
816 2142 882 2175 per
909 2133 1066 2176 gratiam,
1097 2142 1198 2175 quam
1229 2142 1313 2175 erga
1342 2131 1546 2175 progeniem
1575 2129 1752 2163 Tancredi
1781 2135 1815 2162 te
1845 2128 1974 2162 habere

42 2183 43 2186 ’
143 2186 369 2219 ‘multotiens
385 2186 582 2219 ostentasti!
606 2186 674 2218 Hic
690 2186 781 2219 enim
806 2185 1015 2229 interceptus
1030 2196 1103 2219 sum
1124 2195 1188 2229 pro
1210 2185 1350 2218 servitio
1372 2184 1433 2217 filii
1457 2184 1507 2216 sui
1521 2209 1535 2224 „
1554 2183 1561 2215 1
1586 2184 1746 2217 Nondum
1771 2183 1916 2221 dixerat,
1940 2187 1974 2214 et

137 2249 233 2278 ecce,
256 2250 339 2273 aura
360 2239 623 2278 interveniente,
646 2239 754 2278 navis,
783 2239 820 2271 in
851 2249 919 2282 qua
940 2245 1022 2279 erat,
1046 2239 1090 2272 ab
1116 2238 1269 2272 hostibus
1294 2238 1422 2276 avulsa,
1451 2237 1643 2271 securiores
1671 2236 1796 2275 reddit,
1819 2236 1975 2269 videntes

137 2292 254 2325 navim
275 2292 390 2336 abque
413 2292 543 2336 remige
566 2292 702 2325 directo
725 2302 828 2325 cursu
852 2292 1066 2336 adjacentem
1088 2292 1232 2325 insulam
1263 2296 1360 2324 tanta
1383 2291 1568 2323 velocitate
1584 2299 1648 2333 per
1663 2289 1801 2333 rapidas
1816 2289 1975 2332 aequoris

136 2345 247 2379 undas
269 2345 365 2385 ferri,
387 2350 426 2378 ut
447 2344 591 2379 hostiles
613 2355 730 2383 naves,
753 2344 838 2379 velis
861 2350 896 2378 et
918 2345 1023 2378 remis
1045 2344 1314 2388 insequentibus,
1337 2344 1503 2377 adversus
1524 2343 1617 2376 illam
1632 2342 1815 2375 velocitate
1831 2353 1975 2385 praeva-

229 2479 251 2496 1.
275 2472 378 2504 gradus
401 2479 450 2497 m.
470 2471 532 2496 BD
556 2486 588 2489 —
615 2470 824 2506 2.Joviensem]
846 2471 1018 2504 anitensem
1043 2472 1081 2500 B;
1095 2471 1239 2504 Jacensem
1263 2472 1292 2496 D
1310 2484 1342 2489 --
1362 2478 1387 2503 3.
1407 2469 1445 2495 et¹
1470 2478 1518 2495 om.
1544 2470 1607 2494 BD
1631 2482 1663 2487 --
1683 2476 1707 2500 4.
1727 2469 1930 2501 posterioribus
1948 2468 1977 2493 Ρ

140 2527 172 2532 -
192 2521 217 2547 5.
235 2511 338 2548 exigit]
357 2515 419 2547 cogi
445 2515 473 2540 Ρ
495 2528 528 2533 -
547 2514 573 2539 6.
593 2512 722 2548 Alivum]
742 2514 857 2539 Almum
875 2514 904 2538 D
922 2527 954 2531 —
975 2519 999 2545 7.
1017 2511 1223 2547 confirmatum]
1242 2513 1382 2538 firmatum
1401 2513 1429 2538 P
1445 2526 1477 2530 —
1496 2520 1522 2544 9.
1546 2513 1675 2543 suscepta
1694 2511 1757 2536 BD
1775 2524 1786 2529 -
1804 2511 1865 2543 ipse
1891 2510 1917 2534 Ρ
1939 2523 1972 2528 —

142 2563 183 2581 10.
201 2554 365 2590 amplitwit]
384 2563 413 2581 se
431 2557 602 2589 compilavit
619 2556 648 2581 P
667 2570 694 2574 —
719 2563 759 2582 1¹.
785 2556 880 2588 ltaque
898 2563 947 2581 om.
969 2557 997 2581 P
1013 2569 1046 2574 —
1069 2561 1109 2580 12.
1134 2563 1220 2588 usque
1244 2555 1379 2581 Thermas
1404 2563 1453 2580 om.
1471 2555 1536 2579 BD
1553 2567 1562 2572 —
1579 2553 1803 2578 Lescastrensem
1822 2553 1850 2577 P
1870 2566 1902 2570 -
1931 2559 1972 2584 ¹3·

52 2618 54 2621 .
141 2605 182 2631 14.
201 2605 284 2624 cursu
297 2605 383 2631 usque
397 2598 577 2623 Pannoniam
596 2605 659 2623 eum
677 2599 772 2631 puella
792 2599 941 2631 procedere
960 2598 1075 2628 faciens,
1094 2599 1141 2631 qui
1162 2598 1282 2623 navibus
1300 2598 1352 2623 cosi
1364 2599 1435 2622 Ρ-
1452 2604 1491 2629 14.
1506 2593 1743 2629 intromittentes]
1758 2595 1972 2620 introductione

50 2642 54 2645 “
92 2645 107 2672 s
139 2639 166 2665 B
183 2653 215 2659 —
237 2647 278 2674 15.
299 2641 425 2666 serentur
442 2641 505 2666 BD
521 2654 556 2659 ——
571 2641 612 2666 16.
625 2648 722 2674 regum
734 2641 796 2665 BD
809 2654 819 2659 -
833 2640 998 2673 vincurius]
1012 2641 1172 2666 Viricurius
1190 2641 1230 2671 33
1249 2640 1404 2666 Mercurius
1418 2641 1448 2664 D
1461 2653 1493 2656 —
1509 2645 1548 2671 17.
1564 2640 1625 2672 ipsa
1639 2635 1819 2671 advenerant]
1839 2645 1870 2662 ea
1890 2644 1971 2662 vene-

42 2677 48 2685 ’
138 2684 203 2708 rant
220 2683 249 2708 Ρ
265 2696 298 2701 —
319 2681 360 2708 18.
379 2683 519 2716 recipiens
539 2683 566 2708 Ρ
582 2697 614 2700 -
630 2690 666 2716 19.
686 2681 877 2716 Pannoniam]
895 2683 1075 2717 provinciam
1087 2683 1151 2708 BD
1170 2696 1178 2701 -
1197 2683 1327 2708 enxeniis
1345 2683 1373 2707 Ρ
1390 2696 1421 2701 -
1442 2688 1483 2706 20.
1500 2678 1660 2714 numerosa]
1681 2681 1710 2704 in
1730 2680 1860 2704 umbrosa
1878 2679 1904 2703 B
1916 2691 1927 2698 -
1939 2679 1971 2703 fit

138 2731 187 2750 out.
204 2724 233 2750 Ρ
249 2738 282 2744 -
302 2731 344 2750 21.
362 2732 458 2749 rumor
477 2732 526 2749 ons.
545 2726 573 2750 P
589 2738 598 2743 -
620 2725 752 2749 visendae
772 2725 909 2758 appetitis
926 2725 954 2750 P
970 2738 1002 2743 -
1022 2731 1113 2750 21-22.
1131 2725 1284 2750 terminato
1299 2726 1326 2750 P
1343 2738 1375 2743 —
1396 2731 1437 2749 22.
1456 2720 1556 2756 regali]
1576 2723 1606 2746 in
1627 2722 1711 2754 legali
1733 2735 1765 2740 —
1786 2728 1826 2753 23·
1842 2722 1870 2745 ln
1884 2728 1933 2746 om.
1946 2721 1972 2745 B

138 2780 171 2784 —
190 2772 233 2799 25.
252 2767 342 2799 regali
360 2766 449 2799 more]
470 2767 612 2799 regalibus
630 2767 658 2792 Ρ
674 2779 707 2785 -
727 2771 768 2798 ²7·
797 2767 958 2799 egressione
984 2767 1010 2791 Ρ
1032 2781 1064 2785 -
1090 2766 1180 2801 27-28.
1204 2769 1319 2799 portum
1345 2767 1485 2791 maritime
1511 2765 1656 2789 venientes
1683 2764 1792 2796 regredi
1811 2762 1863 2788 cosi
1887 2763 1913 2787 B
1938 2777 1969 2780 —

47 2835 49 2838 ,
139 2815 181 2842 ²9·
198 2810 415 2843 appropriantes
434 2809 461 2833 Ρ
479 2823 509 2827 -
531 2816 573 2842 31.
598 2806 750 2842 occiditur]
777 2808 925 2834 colliditur
944 2809 972 2833 Ρ
991 2823 1019 2828 -—-
1040 2814 1082 2842 35.
1102 2809 1236 2834 exaudiat
1254 2810 1282 2834 P
1299 2822 1307 2827 -
1327 2811 1354 2834 te
1374 2809 1474 2833 habere
1492 2815 1540 2831 om.
1562 2807 1627 2831 BD
1646 2820 1677 2823 -
1698 2812 1739 2839 37.
1764 2806 1968 2830 Inter-currente

47 2854 49 2859 ⁴
78 2855 111 2876 10
139 2851 167 2876 Ρ
182 2864 215 2870 —
235 2850 326 2884 38-39.
344 2852 453 2876 directo
465 2870 470 2875 .
546 2851 758 2883 insequentibus
775 2858 823 2876 om.
843 2851 870 2876 Ρ

45 2895 49 2907 Ι

226 2938 235 2956 ¹
249 2930 271 2964 ὲ
283 2939 411 2965 Termini
426 2940 552 2971 Imerese,
567 2942 596 2964 in
612 2942 760 2965 vicinnnza
771 2940 800 2965 di
814 2940 952 2970 Palermo,
967 2948 1025 2966 non
1167 2939 1179 2957 ²
1198 2941 1234 2965 Di
1250 2941 1362 2969 Enrico,
1383 2946 1505 2964 vescovo
1520 2939 1548 2963 di
1564 2938 1704 2965 N1castro.
1720 2938 1742 2962 si
1756 2937 1851 2962 hanno
1866 2937 1972 2962 notizie

138 2981 256 3008 I’sntico
274 2983 374 3016 porto:
394 2982 575 3014 Thermae,
597 2989 693 3016 presso
713 2982 850 3007 l’odierna
869 2982 991 3007 Sciacca.
1083 2983 1112 3009 in
1132 2983 1273 3011 Uenus-t.
1292 2982 1339 3011 IX,
1359 2987 1412 3014 400
1430 2989 1489 3015 sgg.

2054 809 2085 832 D,
2101 814 2138 833 ¹³5
2147 815 2159 827 r

2062 916 2089 938 B.
2106 921 2152 940 ²7⁷1

2016 1874 2091 1896 Mun„
2106 1875 2145 1893 600
