2314 3418
91 265 143 303 [Α.
163 266 258 300 1067]
470 260 541 295 DE
568 260 735 296 REBUS
763 259 941 296 GESTIS
967 259 1184 296 ROGERII
1211 258 1420 295 COMlTIS
1447 259 1563 294 ETC.
1883 258 1930 293 49

91 383 194 416 funes
216 381 260 415 ab
281 388 427 425 utraque
449 388 548 425 parte
572 382 799 426 attingebant,
823 383 988 426 porrexit,
1010 388 1059 420 ut,
1081 383 1109 414 si
1136 383 1228 415 forte
1250 382 1421 414 Barenses
1443 382 1591 424 aliquem
1621 381 1795 414 incursum
1817 391 1934 413 versus

92 445 201 468 naves
223 440 441 474 attentarent,
465 435 598 468 directo
621 445 721 468 cursu
737 447 758 468 a
773 435 944 469 militibus
957 435 1103 468 navibus
1118 435 1318 477 expeditius
1332 434 1582 466 subveniretur.
1628 434 1797 467 Barenses
1820 439 1933 466 autem

93 489 327 521 demonstrare
350 487 509 522 volentes
530 488 578 527 id,
601 499 664 531 pro
689 499 757 532 quo
782 489 852 522 dux
874 489 940 522 hoc
962 488 1100 532 agebat,
1117 488 1246 521 habere
1263 488 1455 531 despectui,
1473 487 1588 520 omnia
1604 487 1817 530 vilipendere
1834 497 1935 520 orna-

93 547 208 574 menta
230 552 303 580 sua,
325 541 634 585 thesaurorumque
656 542 813 584 speciosa
836 542 1072 584 dependentia
1094 547 1278 579 ostentare,
1303 541 1498 574 Guiscardo
1521 540 1667 583 plurima
1682 540 1832 573 convitia
1847 541 1936 573 infe-

50 593 70 626 5
93 599 220 632 rentes,
243 593 393 626 turribus
415 594 484 627 suis
508 594 668 635 fidentes,
690 605 804 627 rerum
827 594 937 627 exitus
959 595 1071 627 minus
1102 595 1215 627 metiri
1245 599 1446 636 coeperunt.
1493 592 1594 631 Quae
1624 604 1678 626 res
1709 593 1935 627 Guiscardum

93 647 137 680 ab
159 647 302 689 incepto
326 648 467 690 quidem
491 659 560 681 non
585 648 823 686 deterrebant3
847 648 910 680 sed
932 648 1040 690 magis
1062 647 1261 680 ambitionis
1283 647 1448 690 cupidine
1471 647 1621 687 fervens,
1652 653 1778 690 quanto
1810 646 1937 689 pretio-

92 699 194 733 sio'ra
215 700 308 733 infra
338 711 453 733 muros
476 701 647 734 contineri
674 701 850 741 dicebant,
880 707 975 734 tanto
1003 701 1178 734 ardentius
1209 710 1270 742 spe
1301 711 1343 733 ea
1372 700 1540 738 lucrandi,
1571 701 1616 733 ad
1647 700 1739 743 quod
1771 706 1937 743 coeperat

92 754 354 796 persistendum,
378 755 502 788 mentis
523 755 721 787 instantiam
753 754 889 798 figebat,
920 754 1132 788 subridendo
1163 753 1231 786 illis
1260 754 1492 796 respondens:
1528 753 1542 769 ¹⁴
1557 753 1659 792 Quae
1684 772 1724 776 --
1756 754 1870 796 inquit
1893 771 1934 776 —-

99 808 314 845 “ostentatis‚
336 818 413 840 mea
435 814 525 846 sunt,
549 814 582 840 et
604 808 685 851 quia
706 819 727 840 a
749 807 851 841 vobis
872 808 1065 840 voluntarie
1087 807 1171 839 mihi
1193 812 1468 849 praesentantur,
1492 806 1603 839 habeo
1627 812 1771 849 gratum.
1817 806 1936 840 Estote

32 860 71 893 10
100 862 114 878 ‘⁶
128 860 248 893 fideles
270 861 317 894 ad
339 866 476 904 tempus
497 861 534 894 in
558 860 820 894 conservando!
846 860 954 894 Vobis
977 860 1106 904 quippe
1130 860 1174 892 de
1198 860 1380 892 amissione
1405 859 1611 900 dolentibus,
1632 860 1709 892 fiam
1727 861 1935 903 quandoque

94 914 110 930 ⁴⁶
126 913 242 957 largus
264 914 300 946 in
324 913 566 947 distribuendo
582 937 610 956 „-

182 967 314 1010 Sicque
336 977 416 1000 suos
439 967 484 1000 ad
506 966 626 1000 urbem
651 967 893 1000 debellandam
911 966 1206 1000 exhortationibus
1223 971 1257 998 et
1271 965 1557 1008 promissionibus
1572 966 1795 1006 inflammans,
1810 966 1937 999 laboris

92 1019 144 1052 sui
166 1019 507 1063 renunciationisque
529 1019 718 1062 praemium
739 1020 835 1053 infra
857 1030 990 1052 murum
1012 1025 1157 1052 testatur
1181 1029 1270 1051 esse:
1295 1019 1370 1060 ipse
1400 1018 1539 1050 moenia
1569 1019 1762 1057 circumire,
1792 1029 1937 1063 aggeres

93 1078 326 1115 comportare,
348 1073 470 1106 urbem
493 1072 634 1111 vallare,
659 1072 785 1106 arietes
807 1073 938 1110 facere,
962 1078 1168 1115 caeteraque
1197 1072 1485 1109 machinamenta,
1517 1081 1605 1114 quae
1636 1073 1712 1104 usui
1743 1072 1935 1114 capiendae

30 1125 68 1158 15
92 1125 186 1158 urbis
210 1126 404 1159 necessaria
431 1132 539 1165 erant,
563 1137 784 1169 componere,
807 1137 887 1159 suos
909 1126 1101 1165 instruere„
1114 1125 1230 1158 hostes
1251 1125 1429 1163 infestare,
1452 1130 1581 1158 metum
1596 1125 1668 1169 jugi
1683 1125 1846 1158 instantia
1869 1132 1938 1158 stu-

94 1178 201 1212 debat
222 1179 390 1212 incutere.

183 1231 352 1265 Barenses
372 1243 468 1276 ergo,
492 1233 653 1266 videntes
675 1233 878 1265 costantiam
903 1232 1012 1270 ducis,
1036 1232 1126 1264 ultra
1149 1243 1251 1275 quam
1273 1233 1340 1264 rati
1362 1237 1471 1271 erant,
1502 1232 1709 1265 indivulsam
1740 1232 1936 1274 persistere,

94 1285 292 1328 victumque
315 1285 407 1318 infra
429 1285 562 1325 urbem,
585 1285 680 1318 nullo
704 1286 748 1318 ad
770 1284 1064 1318 introducendum
1088 1303 1130 1307 —
1154 1283 1308 1317 hostibus
1332 1285 1592 1327 circumspectis
1613 1303 1650 1308 —
1666 1285 1764 1319 aditu
1787 1291 1938 1328 patente,

95 1348 115 1369 a
144 1338 366 1371 multitudine
397 1339 538 1371 inermis
569 1338 675 1382 vulgi,
706 1338 886 1370 mulierum
917 1337 1051 1371 scilicet
1081 1344 1116 1370 et
1146 1347 1342 1380 puerorum,
1373 1338 1540 1371 inutiliter
1570 1338 1754 1377 devastari,
1786 1339 1880 1381 quod
1902 1338 1934 1370 vi

28 1392 71 1423 20
94 1391 298 1434 nequibant,
321 1391 401 1424 dolo
431 1391 522 1424 vitae
547 1391 648 1425 ducis
674 1391 880 1434 'periculum
911 1397 1052 1434 parant3
1084 1392 1268 1435 pretioque
1301 1391 1502 1433 composito,
1534 1402 1554 1423 a
1585 1392 1734 1435 quodam
1767 1391 1936 1424 laevitatis

93 1444 180 1483 viro,
203 1450 251 1483 ut,
273 1444 360 1477 urbe
383 1444 595 1488 digrediens,
618 1445 712 1477 illum
735 1445 869 1488 spiculo
891 1445 1068 1487 corripere
1092 1450 1246 1483 attentet,
1271 1450 1478 1477 mercantur.
1525 1444 1729 1477 Amerinus¹
1746 1454 1839 1488 ergo,
1857 1455 1937 1477 ava-

93 1497 175 1530 ritia
196 1497 366 1540 captionis
391 1497 554 1540 cupidine
577 1504 710 1541 captus,
733 1498 779 1531 ad
801 1497 1070 1540 perpetrandum
1094 1503 1161 1530 tam
1186 1497 1315 1535 nobile,
1337 1503 1376 1530 ut
1399 1497 1463 1529 sibi
1487 1504 1570 1531 tunc
1586 1498 1780 1536 videbatur,
1803 1498 1938 1530 facinus

93 1550 287 1588 accelerat;
309 1551 527 1593 spiculoque,
551 1552 695 1584 venenis
718 1551 861 1594 infecto,
885 1550 929 1584 ab
952 1550 1180 1583 edocentibus
1203 1561 1240 1583 se
1264 1556 1379 1583 tantae
1403 1551 1572 1583 versutiae
1597 1551 1756 1583 fraudem
1780 1556 1937 1593 accepto,

93 1603 178 1636 urbe
201 1603 386 1647 digressus,
410 1605 509 1647 quasi
532 1615 618 1636 unus
643 1615 686 1637 ex
707 1604 840 1642 nostris,
864 1603 997 1646 lapides
1021 1604 1129 1636 funda
1152 1614 1270 1636 versus
1294 1603 1410 1636 hostes
1432 1614 1535 1645 supra
1565 1614 1679 1636 muros
1700 1603 1861 1646 jacendo,
1878 1604 1940 1636 ad-

29 1656 71 1689 25
96 1666 214 1689 versus
237 1663 350 1689 castra
372 1663 566 1690 nostrorum
590 1658 708 1690 dolose
730 1657 947 1699 speculatum
970 1656 1211 1689 circumvenit.
1257 1656 1397 1700 Sicque,
1421 1662 1687 1699 vesperascente
1703 1657 1771 1695 die,
1794 1666 1865 1689 nox
1887 1656 1939 1688 in-

94 1710 290 1743 tercludere
313 1710 395 1743 solis
418 1710 534 1743 radios
556 1717 732 1753 properat,
755 1721 913 1754 cumque,
938 1720 1067 1744 coenae
1091 1710 1177 1743 hora
1200 1710 1361 1748 instante,
1393 1710 1463 1742 dux
1484 1710 1520 1742 in
1545 1710 1768 1743 tabernaculo
1799 1720 1871 1748 suo,
1894 1719 1939 1742 ex

95 1763 230 1796 foliosis
251 1763 413 1796 arborum
436 1764 541 1795 ramis
564 1764 768 1806 composito,
792 1763 947 1801 sedisset,
969 1763 1039 1801 ille,
1063 1774 1082 1795 a
1105 1769 1204 1807 tergo
1227 1763 1381 1802 veniens,
1406 1773 1540 1795 ramoso
1562 1763 1692 1806 pariete
1722 1763 1939 1805 interposito,

96 1817 232 1855 ducem,
254 1817 370 1859 primo
393 1816 507 1855 oculo,
530 1816 660 1849 deinde
684 1827 766 1850 aure
790 1827 854 1860 per
874 1827 1009 1855 vocem,
1032 1816 1123 1849 bene
1147 1817 1269 1855 visum,
1293 1817 1452 1854 credens,
1474 1817 1654 1859 spiculum,
1678 1817 1773 1860 quod
1797 1817 1841 1848 ad
1873 1816 1940 1849 hoc

96 1875 292 1912 acceperat,
313 1870 453 1903 fortiter
475 1870 710 1914 impingendo,
735 1876 834 1914 parte
857 1870 1002 1903 vestium
1025 1876 1194 1913 correpta,
1217 1870 1290 1912 sed,
1307 1870 1383 1903 Deo
1399 1875 1616 1913 protegente,
1632 1870 1707 1912 ipso
1722 1869 1842 1902 illaeso
1858 1880 1938 1911 per-

0 1948 4 1973 3
31 1923 74 1956 30
97 1929 268 1962 manente,
291 1923 327 1955 in
348 1929 477 1956 terram
500 1923 632 1956 defixit.
679 1923 810 1966 Sicque
834 1922 959 1957 ducem
983 1923 1112 1956 laesum
1130 1923 1314 1962 credens‚'
1305 1933 1440 1956 measso
1463 1923 1619 1962 vulnere,
1643 1922 1778 1965 spiculo
1802 1922 1937 1960 amisso,

0 1978 9 2026 ξ-
96 1975 182 2008 nihil
204 1975 269 2008 sibi
291 1976 376 2019 fuga
397 1975 515 2008 utilius
537 1976 697 2018 credens,
723 1986 825 2019 quam
851 1974 1019 2009 'velocius
1042 1976 1164 2019 potuit,
1188 1986 1290 2008 cursu
1313 1985 1389 2008 sese
1411 1975 1503 2008 infra
1531 1975 1650 2008 urbem
1666 1974 1809 2018 recepit.
1833 1975 1939 2007 Ducis

0 2026 13 2048 '
97 2039 180 2062 vero
203 2029 360 2068 ministri,
383 2029 444 2061 tali
467 2029 563 2061 facto
587 2029 820 2071 expavefacti,
843 2035 942 2063 extra
965 2029 1195 2071 prosilientes,
1219 2029 1300 2061 dolo
1325 2028 1476 2072 cognito,
1507 2029 1620 2061 noctis
1650 2029 1812 2061 excubias
1838 2028 1939 2061 solito

97 2081 260 2115 attentius
275 2082 466 2126 vigilesque
482 2081 575 2115 circa
591 2082 715 2115 ducem
731 2081 908 2125 deputant,
926 2083 1246 2125 coementariosque
1263 2093 1307 2114 ex
1321 2083 1395 2114 eius
1411 2082 1527 2114 edicto
1545 2080 1792 2122 conducentes,
1808 2091 1939 2114 summo

97 2134 251 2168 diluculo
273 2136 445 2178 petrinam
469 2136 609 2168 domum
635 2135 730 2168 brevi
760 2134 952 2178 perficiunt.¹

14 2220 18 2247 ζ
33 2214 75 2249 35
186 2215 280 2248 XLI.
303 2234 345 2239 —
369 2215 421 2248 Ea
443 2221 650 2258 tempestate
673 2226 789 2249 comes
804 2216 979 2261 Rogerius
995 2216 1031 2248 in
1049 2216 1170 2250 Sicilia
1185 2217 1392 2255 morabatur,
1409 2216 1540 2249 crebris
1555 2215 1811 2249 incursionibus
1826 2215 1941 2248 omnia

10 2261 18 2272 ³
98 2268 269 2302 hostiliter
291 2269 515 2312 perlustrans,
539 2269 583 2301 ad
605 2269 670 2302 sibi
685 2269 902 2302 subdendum
919 2279 1012 2302 nunc
1027 2269 1193 2312 praemiis
1207 2270 1358 2312 pulsam,
1374 2270 1477 2302 modo
1492 2268 1592 2302 minis
1608 2275 1739 2302 terrens
1753 2268 1825 2312 jugi
1843 2279 1941 2301 exer-

101 2322 264 2354 citatione
287 2321 491 2364 plerumque
513 2321 597 2354 alios
621 2321 755 2355 damnis
777 2321 939 2362 afficiens,
962 2322 997 2354 in
1020 2328 1232 2366 tantumque,
1257 2322 1381 2366 quietis
1396 2322 1591 2382 impatiens,
1610 2322 1723 2354 hostes
1739 2321 1940 2354 lacessendo

99 2373 306 2414 deterrebat,
328 2380 366 2407 ut
388 2374 447 2407 vix
469 2374 507 2406 in
528 2374 613 2417 ipsis
636 2374 882 2408 munitionibus
905 2385 1072 2418 nusquam
1095 2381 1211 2408 autem
1242 2375 1326 2408 alias
1355 2375 1466 2408 securi
1498 2381 1621 2407 essent.
1668 2374 1746 2407 Nox
1775 2374 1832 2406 vel
1855 2375 1940 2412 dies,

99 2437 222 2471 vesper
244 2433 280 2460 et
301 2437 436 2466 aurora,
459 2438 543 2460 aura
565 2428 653 2460 lenis
675 2428 730 2460 vel
752 2438 886 2471 aspera,
909 2438 1022 2471 aequo
1045 2429 1201 2470 pondere
1225 2428 1353 2461 infesta
1376 2428 1490 2461 timori
1514 2429 1636 2461 'erant
1682 2427 1785 2460 Unde
1802 2433 1838 2460 et
1853 2426 1943 2460 Sici-

8 2488 29 2527 ·J‘
35 2481 77 2514 ⁴0
99 2480 236 2521 lienses,
259 2480 405 2514 consilio
427 2482 519 2518 intra
541 2491 578 2514 se
601 2481 731 2521 habito,
752 2481 840 2515 mori
869 2482 1091 2525 potiusquam
1123 2493 1201 2515 cum
1232 2487 1328 2514 tanta
1357 2482 1597 2525 inquietudine
1627 2480 1804 2513 infelicem
1836 2481 1940 2513 vitam

23 2538 27 2542 ‘
99 2533 228 2567 diutius
248 2533 421 2576 protelare
445 2533 689 2572 deliberantes,
712 2533 795 2567 belli
812 2535 986 2567 fortunam
1002 2540 1125 2568 contra
1139 2534 1300 2567 comitem
1317 2540 1450 2567 tentare
1467 2540 1599 2577 parant.
1648 2534 1804 2577 Denique
1821 2544 1942 2566 versus

192 2637 343 2663 2..dlrectu
363 2638 388 2662 Ρ
403 2651 412 2656 -
431 2638 617 2664 subvenirent
635 2640 663 2664 B
681 2652 714 2658 —-
734 2644 788 2672 2·3.
813 2638 1074 2663 demonstrare....
1100 2636 1254 2672 despectui]
1281 2640 1374 2672 primo
1400 2646 1470 2671 quae
1495 2639 1615 2671 agebant
1640 2637 1783 2670 despectui
1808 2637 1940 2662 habentes

103 2679 129 2704 P
143 2693 176 2699 -
195 2687 221 2712 4.
231 2680 448 2713 thesaurumque
466 2681 592 2715 pretIosa
610 2681 636 2705 P
650 2694 659 2699 -
678 2681 761 2714 plura
782 2681 808 2705 P
825 2693 858 2699 -
878 2686 932 2713 4-5.
951 2681 1056 2706 inferre
1068 2681 1135 2704 Ρ-
1149 2679 1174 2706 6.
1187 2681 1345 2706 deterrebat
1359 2681 1402 2704 P·
1417 2680 1517 2713 magis]
1531 2680 1643 2704 animus
1657 2680 1680 2703 Ρ
1692 2693 1723 2697 -
1737 2687 1762 2712 9.
1776 2680 1940 2712 ostentatis]

105 2721 257 2747 ostenditis
276 2722 340 2747 BD
358 2736 391 2741 —
412 2729 454 2748 ιο.
471 2724 576 2756 quippe
594 2730 643 2747 om.
663 2723 727 2748 BD
746 2736 778 2740 —
801 2729 840 2747 11.
860 2721 903 2755 ea]
920 2723 951 2747 ln
971 2723 1036 2748 BD
1053 2736 1085 2741 ——
1109 2729 1148 2748 12.
1167 2724 1315 2757 promissis
1334 2723 1359 2747 P
1374 2738 1406 2742 —
1428 2730 1469 2755 13·
1488 2722 1724 2747 remunerationis
1743 2723 1772 2746 D
1790 2735 1823 2740 —
1846 2721 1942 2747 16.1n·

3 2786 6 2790 Α
22 2787 23 2790 ,
105 2764 209 2797 cutes-el
229 2765 371 2790 incurrere
390 2765 451 2790 BD
469 2778 502 2783 —
524 2771 565 2797 17.
583 2764 725 2790 dlvulsam
746 2765 876 2790 insistere
895 2765 960 2790 BD
979 2778 1011 2783 -
1033 2764 1073 2790 18.
1090 2765 1280 2790 circumsectis
1299 2766 1325 2790 P
1335 2780 1365 2784 -—
1381 2772 1423 2790 21.
1437 2765 1530 2790 urbem
1544 2766 1571 2789 B
1584 2778 1595 2783 -
1607 2765 1759 2789 attentet..
1773 2780 1796 2788 ..
1809 2761 1887 2797 ergo]
1902 2766 1942 2789 at-

8 2814 43 2841 3
61 2810 77 2838 5
104 2807 233 2838 tonaret,
247 2808 425 2832 mercaretur.
462 2807 584 2832 Animus
603 2814 667 2840 eger
685 2807 750 2831 BD
770 2820 802 2825 —
822 2813 864 2832 π.
884 2805 1111 2841 perpetrandum]
1131 2808 1319 2841 appetendum
1340 2808 1365 2831 P
1380 2821 1388 2825 -
1408 2809 1474 2832 tunc
1493 2814 1541 2831 om.
1562 2807 1586 2830 P
1601 2819 1632 2824 —
1654 2812 1695 2837 ²3·
1715 2798 1855 2830 versutiae
1870 2806 1943 2831 frau-

105 2847 180 2880 dem]
197 2849 316 2874 virtutls
336 2849 434 2874 fraude
453 2848 519 2874 BD
538 2862 570 2866 -—
591 2855 632 2881 ²⁴·
652 2856 737 2881 supra
757 2856 850 2874 muros
868 2857 916 2874 om.
936 2850 1003 2874 BD
1021 2863 1053 2867 —
1074 2856 1115 2883 ²5·
1134 2851 1300 2883 vesperante
1319 2851 1382 2874 BD
1402 2862 1432 2866 —
1454 2856 1495 2881 27.
1519 2848 1598 2872 foliis
1624 2849 1688 2872 BD
1713 2862 1744 2866 —
1771 2848 1813 2873 28.
1838 2846 1942 2881 primo]

106 2891 223 2924 praevio
242 2891 267 2915 P
287 2903 321 2909 —
339 2898 383 2923 31.
403 2889 540 2924 velocius]
560 2891 620 2915 cito
640 2891 667 2915 D
685 2903 718 2909 -—
738 2898 779 2923 32.
800 2889 877 2924 vero]
896 2898 964 2924 ergo
982 2891 1009 2915 P
1024 2903 1036 2910 ·
1054 2892 1143 2917 solito
1161 2899 1210 2916 om.
1231 2893 1257 2917 B
1277 2906 1309 2910 —
1329 2899 1370 2923 33.
1391 2888 1538 2923 attentius]
1559 2890 1727 2923 diligentius
1747 2890 1774 2914 D
1792 2903 1803 2908 -
1816 2897 1943 2915 coemen-

2 2927 51 2972 3⁴*
105 2931 195 2958 tario·
213 2933 242 2958 P
258 2945 290 2951 —
310 2940 353 2965 34.
372 2930 524 2967 petrinam]
544 2934 666 2966 primum
684 2933 713 2958 Ρ
730 2945 763 2951 —
782 2939 823 2965 35.
842 2932 881 2958 Ea
900 2931 1077 2967 tempestate]
1096 2933 1201 2958 Eodem
1220 2936 1327 2959 aestate
1348 2933 1411 2958 BD
1430 2947 1462 2950 —
1483 2940 1525 2964 39.
1545 2930 1601 2965 vel]
1621 2934 1649 2956 et
1669 2932 1693 2955 P

0 2976 27 2993 ¹.
40 2975 41 2978 =

195 3007 202 3024 Ι
222 3007 306 3034 GVH«
326 3008 426 3037 ΑΡῐΠω,
447 3009 480 3038 ῙῙ.
501 3014 551 3042 547
571 3015 650 3041 888οέ
1156 3018 1244 3038 illatum
1260 3017 1330 3038 suerat
1344 3022 1419 3041 grave,
1435 3016 1538 3041 partibus
1553 3021 1583 3036 ox
1598 3015 1680 3036 alienis

238 3048 306 3069 Miles
319 3051 367 3069 erat
383 3049 440 3073 Bari,
456 3048 491 3069 cul
506 3047 605 3068 dedecus
619 3054 632 3068 n
646 3048 703 3069 duce
717 3048 830 3073 quondam
1156 3051 1274 3075 i'romptus
1288 3050 1315 3070 ad
1330 3055 1396 3070 omne
1411 3050 1502 3074 malum,
1518 3049 1582 3073 levis.
1599 3049 1720 3070 iracundus
1734 3053 1756 3070 et
1771 3050 1855 3072 audax.

240 3154 499 3190 T.V,p.1—4.

1998 711 2073 734 Mum,
2091 715 2128 735 57²

2015 1986 2043 2008 B.
2059 1990 2105 2009 15v

2020 2438 2043 2461 C,
2060 2444 2106 2463 ην
