2358 3502
415 333 731 380 Archiepiscopus
760 329 1053 367 Mediolanensis
1079 328 1327 373 renunciatus,
1358 325 1445 362 dum
1484 325 1604 360 adhuc
1642 323 1845 361 Varsaviae
1883 334 1993 368 esses,
2033 322 2184 370 dignum
2221 323 2278 359 Te
2332 329 2343 374 &g

415 415 663 452 Ambrosiana
690 412 778 448 sede
806 411 927 447 statim
956 409 1161 453 ostendisti,
1190 408 1291 455 quod
1318 407 1503 454 refugeret
1531 406 1675 442 animus
1702 403 1878 452 ponderis
1894 403 2127 450 gravitatem,
2147 402 2279 440 dome-

415 495 547 531 sticum
577 493 687 528 etiam
716 491 931 539 exemplum
958 488 1199 525 haesitatione
1219 494 1280 523 tua
1299 487 1476 531 imitatus,
1504 485 1753 521 Benedictum
1770 496 1906 532 nempe
1923 483 2081 520 alterum
2098 484 2279 531 gentilem

415 582 519 611 tuum
547 585 595 610 ex
621 572 869 609 Dominicana
896 569 1048 614 familia,
1077 579 1191 617 quem
1219 567 1334 604 PlUS
1363 568 1412 604 V.
1441 567 1600 602 invitum
1628 566 1675 603 ad
1705 565 1942 602 Casalensem
1974 565 2102 603 sedem
2139 566 2278 603 evexit.
2323 539 2348 617 fi*

415 655 490 691 Sed
518 652 855 690 Mediolanensium
881 651 1062 695 fortunae,
1092 649 1154 698 qui
1182 649 1239 684 Te
1261 648 1304 683 -in
1340 648 1467 684 album
1493 624 1708 682 illustrium'
1729 646 1878 682 Civium
1915 645 2011 683 ultro
2047 647 2280 694 scripserant,

415 735 563 782 publico
591 733 704 778 bono,
734 737 771 768 et
797 731 965 767 felicitati
993 734 1152 775 nostrae,
1182 729 1241 764 vel
1269 729 1350 776 ipso
1378 730 1435 765 Te
1464 727 1601 775 judice,
1631 726 1775 764 dandus
1801 737 1894 773 eras,
1930 728 2008 763 imo
2044 728 2278 776 pauperibus,
2325 738 2335 754 ›

415 827 507 864 quos
535 814 720 862 perpetuis
747 811 1003 859 largitionibus
1031 811 1148 856 foves,
1179 814 1216 846 et
1243 819 1390 845 recreas
1405 818 1416 854 3
1445 808 1585 845 dandus
1613 819 1694 845 eras
1721 807 1929 855 Religioni,
1957 814 1996 844 et
2023 808 2202 854 moribus,
2239 814 2280 846 ut
2323 804 2326 808 ⁵

415 907 497 932 eam
525 895 707 939 doctrina,
738 899 775 929 et
803 893 940 940 pietate
961 891 1137 937 firmares,
1156 891 1224 926 hos
1243 889 1432 937 exemplo,
1453 896 1490 925 et
1509 890 1751 937 castigatione
1771 893 1977 926 coerceres.
2033 890 2120 936 Age
2139 890 2279 938 itaque,
2327 899 2336 918 1⁴

415 974 667 1012 PRINCEPS
694 971 1124 1016 EMINENTISSIME,
1154 983 1201 1006 ne
1229 971 1453 1006 modestiam
1481 975 1584 1006 tuam
1603 969 1738 1006 diutius
1757 969 1919 1017 laedam,
1939 970 1970 1006 si
1988 969 2132 1018 singula
2149 979 2281 1007 recen-
2327 962 2329 964 ’

413 1068 514 1092 seam
541 1066 635 1103 quae
663 1054 816 1101 gessisti,
845 1052 1016 1100 Collegia
1045 1052 1226 1088 videlicet
1253 1050 1503 1088 Sacerdotum
1530 1050 1710 1096 instituta,
1741 1051 1839 1087 unde
1865 1050 1903 1085 in
1939 1050 2153 1088 universam
2179 1049 2282 1087 latis·
2324 1047 2327 1049 ’

414 1137 543 1172 simam
571 1134 786 1172 Dioecesim
814 1132 1043 1180 praedicatio
1071 1132 1242 1179 frequens
1270 1132 1389 1169 Verbi
1417 1132 1491 1167 Dei
1520 1130 1796 1176 diffunderetur,
1835 1130 2039 1178 Gynecaea
2074 1129 2280 1167 servandae
2323 1107 2327 1120 ζ

414 1218 596 1264 virginum
623 1215 805 1252 honestati
835 1226 856 1250 a
883 1213 1133 1250 fundamentis
1161 1219 1298 1259 erecta,
1336 1213 1526 1250 Ecclesias
1563 1224 1647 1249 aere
1685 1217 1751 1249 tuo
1787 1213 2019 1256 instauratas,
2057 1216 2172 1259 atque
2208 1210 2280 1248 alia

414 1298 518 1344 hujus
545 1297 690 1344 generis
717 1297 919 1331 innumera.
973 1295 1074 1342 Age,
1102 1295 1264 1344 inquam,
1293 1293 1612 1331 INNOCENTII
1639 1293 1705 1330 XI.
1736 1294 1846 1329 Pont.
1867 1293 1973 1329 Max.
1994 1302 2196 1340 pronepos,
2222 1291 2279 1328 his

415 1379 551 1414 artibus
578 1378 711 1425 potius,
740 1388 853 1426 quam
882 1376 1108 1423 cognatione
1137 1387 1181 1411 ac
1210 1375 1359 1411 nomine
1389 1375 1496 1410 nobis
1525 1374 1672 1419 exhibe,
1694 1379 1733 1410 ut
1750 1373 1825 1420 jam
1845 1373 2014 1420 coepisti,
2033 1372 2280 1421 gratissimam

412 1460 584 1495 universo
611 1458 809 1494 Terrarum
837 1457 929 1493 Orbi
959 1456 1175 1492 Sanctitatis
1203 1456 1435 1492 memoriam.
1490 1456 1590 1491 Inter
1618 1454 1813 1490 Sacrarum
1845 1465 1937 1489 vero
1965 1453 2175 1490 Literarum
2205 1458 2281 1489 stu·
2330 1442 2338 1500 ¹5

413 1540 485 1585 dia,
514 1539 683 1575 humanis
710 1539 835 1583 etiam,
864 1544 902 1573 et
930 1538 1064 1573 nostris
1091 1537 1327 1584 potissimum
1354 1536 1530 1572 Historiis
1557 1536 1726 1572 noctium
1753 1540 1897 1571 tuarum
1916 1539 2063 1582 partem
2090 1531 2279 1571 concede:
2329 1519 2335 1571 ζ’

412 1633 487 1656 non
513 1619 642 1656 inutile
671 1619 806 1667 quippe
836 1620 997 1655 futurum
1025 1618 1210 1653 affirmare
1240 1618 1358 1653 ausim
1366 1628 1376 1665 3
1405 1617 1435 1652 si
1464 1616 1670 1653 distinctius
1697 1616 1857 1661 noveris,
1887 1626 1982 1663 quae
2009 1614 2282 1651 Praeda-cesso·

410 1713 468 1737 res
496 1702 547 1737 tui
575 1713 641 1749 per
668 1702 786 1737 varias
813 1706 1039 1747 temporum,
1069 1705 1106 1735 et
1134 1711 1257 1736 rerum
1275 1698 1548 1735 vicissitudines
1566 1698 1745 1744 gesserint
1754 1708 1764 1744 3
1793 1697 1898 1744 plura
1917 1708 2080 1746 namque
2099 1695 2280 1733 collectio

413 1787 536 1818 nostra
563 1781 702 1829 publici
729 1781 815 1828 juris
842 1781 933 1817 fecit
962 1781 1009 1816 ad
1037 1780 1361 1817 Mediolanensem
1391 1780 1600 1816 Ecclesiam
1628 1778 1864 1826 pertinentia,
1893 1788 1987 1826 quae
2023 1778 2202 1814 hactenus
2228 1775 2280 1812 la-

413 1867 567 1898 tuerant.
623 1862 671 1897 Et
699 1862 727 1896 si
756 1861 845 1909 quid
875 1860 1066 1898 commodi
1094 1861 1207 1897 lectio
1235 1862 1304 1897 ista
1341 1871 1516 1907 umquam
1553 1859 1731 1904 attulerit,
1769 1858 1957 1895 Palatinos
1993 1857 2127 1894 Socios
2163 1857 2279 1893 bene-

412 1943 579 1979 volentia
608 1950 669 1980 tua
696 1955 932 1992 prosequere,
962 1955 1097 1991 meque
1125 1942 1214 1978 Tibi
1241 1942 1366 1978 multis
1394 1941 1606 1977 nominibus
1625 1940 1930 1976 addictissimum.
1986 1939 2029 1975 Id
2057 1948 2130 1986 ego
2148 1942 2280 1974 contra
2332 1953 2337 1984 j

412 2022 614 2070 rependam
642 2029 681 2058 ut
708 2035 777 2072 pro
804 2023 1059 2060 incolumitate
1086 2027 1148 2058 tua
1176 2027 1266 2059 vota
1294 2033 1342 2057 ex
1369 2022 1501 2058 intimo
1530 2021 1645 2058 corde
1673 2020 1899 2068 persolvam.
1954 2019 2067 2056 Vale.

501 2104 649 2140 Dabam
678 2103 883 2141 Mediolani
913 2105 976 2141 ΠΙ.
1006 2104 1092 2141 Kal.
1121 2103 1299 2141 Octobris
1328 2103 1415 2138 anni
1442 2102 1744 2138 MDCCXXIV.
