2314 3418
203 1829 230 1853 B,
245 1835 292 1854 ην

181 2073 212 2096 D,
226 2075 265 2094 126
273 2080 287 2094 v

180 2122 253 2145 Mun..
269 2129 305 2148 59¹

204 2181 290 2206 039⁰

281 2428 284 2430 v
317 2449 331 2474 5

302 2659 333 2676 10

298 2906 326 2932 ¹5

375 211 421 246 86
947 210 1221 246 GAUFREDI
1250 210 1628 246 MALATERRAE
2039 214 2089 250 [Α.
2111 215 2203 247 10851

372 333 441 366 lere
466 333 604 366 debere.
652 333 791 366 Comes'
813 334 926 377 igitur,
952 333 1146 366 ostensione
1171 333 1214 366 de
1245 333 1435 366 obtinenda
1463 334 1610 366 victoria
1641 334 1769 367 certior
1799 334 1923 374 factus,
1956 334 2066 377 prima
2097 338 2199 366 nocte

371 386 637 418 Tauromenium
660 386 826 429 applicat,
850 387 1004 418 secunda
1026 396 1109 419 vero
1134 386 1226 429 apud
1249 385 1455 429 Logninam‚
1477 386 1579 419 tertia
1606 386 1788 419 Rasesalix
1801 386 1821 419 ¹.

458 438 523 470 Hic
547 438 727 481 Jordanus,
752 439 839 472 filius
861 450 951 477 suus,
976 449 1053 471 cum
1077 439 1232 472 exercitu
1254 439 1405 481 equestri
1428 438 1492 472 sibi
1516 438 1637 472 obvius
1660 439 1784 478 factus,
1807 440 1913 473 multa
1928 440 2018 473 inter
2034 451 2070 472 se
2087 440 2132 473 de
2148 439 2199 478 iis,

370 501 458 534 quae
481 491 642 524 facienda
667 497 773 529 erant,
798 492 1029 530 conferentes,
1053 491 1197 524 consilio
1221 491 1352 531 habito,
1383 491 1592 534 Philippum,
1624 492 1729 524 filium
1754 493 1912 536 Gregorii
1942 493 2090 536 patricii,
2121 503 2199 525 cum

369 543 585 576 velocissima
607 545 745 587 sagacia
767 555 885 577 versus
908 544 1125 589 syracusam,
1149 555 1285 577 omnem
1307 551 1433 577 terram
1458 545 1683 588 exploratum,
1699 546 1876 579 mandant.
1914 545 1987 585 Qui
2002 547 2094 591 jussa
2115 547 2200 579 fide-

368 596 448 629 liter
471 598 659 639 complens,
684 597 729 630 de
751 604 854 631 nocte
878 598 969 630 inter
991 598 1135 631 classem
1158 597 1420 636 Saracenorum,
1437 608 1478 631 ac
1495 598 1524 631 si
1538 609 1625 631 unus
1641 609 1684 631 ex
1700 599 1782 641 ipsis
1797 605 1897 639 esset,
1913 599 2198 644 circumnavigat:

367 660 443 682 nam
477 656 510 682 et
539 650 656 693 lingua
687 662 816 690 eorum,
846 652 935 684 sicut
964 657 999 683 et
1028 661 1166 695 graeca,
1196 651 1271 693 ipse
1302 657 1337 684 et
1367 657 1491 684 nautae
1515 662 1643 689 omnes,
1666 651 1725 695 qui
1749 662 1827 685 cum
1848 653 1923 695 ipso
1947 659 2198 695 processerant,

366 703 563 745 peritissimi
588 710 694 737 erant.
740 704 975 747 Omnibusque
992 705 1183 747 prudenter
1198 705 1468 747 circumspectis,
1485 705 1635 743 rediens,
1652 711 1826 738 certamen
1840 712 1995 748 paratum
2010 707 2199 745 renuntiat;

368 756 442 788 Deo
464 757 624 799 propitio,
648 758 734 790 nihil
756 757 905 800 periculi
929 757 1120 795 imminere,
1144 757 1299 790 hostibus
1322 758 1489 791 audacter
1511 758 1763 791 occurrendum
1779 759 1943 792 hortatur.
1989 759 2075 792 Erat
2090 766 2201 793 autem

367 808 554 842 sabbatum.

456 861 579 896 Comes
603 875 686 908 ergo
709 875 786 897 suos
809 874 1040 902 commonens,
1064 864 1223 906 proxima
1245 864 1323 897 luce
1346 865 1384 896 in
1407 864 1580 898 dominica
1603 865 1840 904 illucescente,
1855 865 2002 910 hymnos
2016 866 2201 900 matutinos

366 925 443 948 cum
467 916 644 949 missarum
667 928 767 949 sacra
798 917 1001 950 executione
1032 916 1175 950 audivit.
1222 917 1436 961 Presbyteris
1466 919 1686 957 confitentur,
1709 918 1817 951 sacris
1836 918 1994 951 misteriis
2015 919 2199 952 initiantur.

367 968 432 1000 Per
456 975 561 1002 totam
586 970 676 1002 diem
700 970 828 1003 ibidem
852 975 1037 1003 morantur.
1084 970 1253 1013 Sequenti
1268 977 1370 1004 nocte
1387 969 1572 1011 mediante,
1589 981 1739 1015 aequore
1756 971 1916 1005 anchoris
1932 971 2105 1012 extractis,
2121 982 2198 1005 cum

367 1020 502 1055 silentio
525 1023 763 1066 procedentes,
786 1024 868 1056 luna
891 1023 1125 1062 illucescente,
1158 1023 1375 1068 Syracusani,
1405 1025 1465 1057 ubi
1496 1025 1671 1058 Benarvet
1700 1025 1868 1057 acerrime
1891 1035 1970 1058 cum
2001 1025 2110 1058 classe
2140 1035 2201 1058 sua

366 1076 647 1118 praestolabatur,
672 1083 850 1109 venerunt.
896 1076 1081 1109 Certamen
1103 1076 1240 1115 ineunt3
1264 1077 1436 1122 utrimque
1459 1078 1692 1122 congreditur.
1739 1077 1911 1111 Benarvet
1940 1078 2103 1111 instinctu
2126 1078 2200 1111 dia-

365 1129 446 1167 boli,
469 1130 527 1172 qui
549 1130 653 1162 vitam
676 1130 748 1162 eius
770 1130 841 1173 jam
863 1130 989 1162 misera
1010 1136 1119 1163 morte
1143 1130 1327 1163 terminare
1351 1131 1499 1173 volebat,
1523 1141 1591 1174 quo
1614 1142 1736 1164 navem
1753 1131 1886 1164 comitis
1902 1131 2034 1164 eminus
2049 1131 2201 1174 agnovit,

366 1193 493 1226 magno
516 1183 649 1225 impetu
672 1193 840 1225 grassans,
866 1183 1017 1215 illorsum
1040 1183 1150 1218 irruit.
1195 1183 1336 1216 Acriter
1357 1184 1514 1224 bellatur,
1537 1185 1599 1218 sed
1623 1185 1736 1217 acrius
1762 1184 1941 1227 excipitur.
1965 1185 2056 1218 Nam
2077 1195 2099 1217 a
2129 1184 2200 1218 Lu-

365 1236 447 1278 pino
472 1237 620 1279 quodam
645 1237 792 1278 primum
812 1236 929 1280 jaculo
953 1237 1144 1276 confossus,
1168 1238 1248 1270 dum
1278 1248 1298 1270 a
1321 1238 1458 1278 comite,
1489 1238 1547 1281 qui
1578 1248 1699 1270 navem
1729 1237 1802 1271 eius
1832 1238 2022 1277 insiluerat,
2051 1237 2199 1271 minacie

366 1298 447 1321 ense
469 1289 696 1332 persequitur,
719 1289 803 1331 ipse,
826 1290 1017 1332 proximam
1041 1300 1164 1323 navem
1188 1291 1232 1324 de
1255 1290 1325 1323 suis
1348 1291 1392 1323 ad
1415 1291 1617 1334 fugiendum
1639 1291 1728 1324 saltu
1751 1296 1930 1334 appetens,
1953 1292 1990 1324 in
2004 1302 2100 1324 mare
2123 1301 2202 1324 cum
2287 1332 2299 1338 ἢ

365 1342 519 1384 pondere
550 1342 635 1374 ferri
666 1343 889 1386 demergitur.
935 1342 1064 1386 Sicque
1095 1343 1266 1388 injuriam,
1297 1355 1398 1388 quam
1428 1344 1503 1377 Deo
1534 1350 1738 1388 arroganter
1767 1344 1892 1383 intulit,
1924 1345 2040 1378 divino
2068 1343 2200 1388 judicio
2223 1345 2266 1376 20
2291 1344 2295 1370 s

365 1395 540 1439 condigna
562 1395 692 1428 ultione
715 1397 888 1435 multatur,
912 1406 1043 1439 poenas
1067 1397 1194 1430 luendo
1217 1407 1409 1440 perpessus.
1453 1397 1596 1440 Reliqui
1619 1407 1714 1436 vero,
1738 1398 1819 1429 dum
1849 1398 1971 1441 fugere
1994 1397 2158 1438 nituntur,
2181 1407 2202 1429 a

363 1448 488 1481 nostris
512 1449 616 1481 citato
640 1449 769 1493 remige
793 1449 977 1492 persecuti,
993 1455 1204 1483 truncantur.
1250 1450 1411 1483 Victores
1434 1451 1542 1483 nostri
1565 1450 1767 1483 efficiuntur.
1814 1450 1850 1483 Si
1874 1451 2046 1494 Jordanus
2062 1450 2200 1483 interim

363 1502 483 1534 urbem
507 1508 748 1545 oppugnasset,
771 1503 931 1545 profecto
956 1503 1060 1536 facile
1084 1502 1256 1536 debellata
1278 1503 1523 1536 succubuisset.
1570 1503 1641 1536 Sed
1666 1509 1765 1546 pater
1794 1503 1907 1536 minus
1935 1504 2104 1547 provvide
2134 1502 2200 1536 sibi

364 1555 590 1588 interdixerat
612 1566 655 1588 ne
679 1555 823 1589 faceret.
2286 1590 2288 1594 ,

451 1606 485 1640 Α
506 1607 596 1651 majo
618 1608 724 1652 igitur
744 1619 853 1653 usque
876 1609 911 1642 in
934 1609 1111 1643 octobrem
1135 1610 1330 1643 obsessione
1353 1610 1431 1643 urbi
1455 1611 1582 1648 dedita,
1604 1610 1680 1653 ipsa
1694 1611 1836 1643 multum
1852 1610 2104 1650 recalcitrante,
2119 1610 2198 1654 plu·
2220 1610 2262 1642 25
2282 1612 2288 1635 Γ

364 1662 451 1694 rima
472 1662 646 1695 infestatio
669 1662 840 1705 utrimque
864 1663 958 1696 facta
982 1668 1044 1696 est.
1089 1662 1193 1696 Cives
1216 1674 1310 1703 vero,
1333 1663 1539 1697 christianos
1560 1663 1727 1707 plurimos
1741 1664 1777 1696 in
1794 1663 1954 1707 captione
1970 1664 2064 1697 infra
2077 1663 2197 1697 urbem

362 1714 538 1754 habentes,
561 1714 689 1748 solutos
712 1716 755 1748 ab
778 1716 864 1749 urbe
887 1716 1044 1760 ejiciunt3
1067 1717 1134 1749 rati
1157 1722 1292 1749 nostros
1313 1717 1366 1749 sic
1389 1716 1494 1750 facile
1518 1716 1561 1749 ab
1582 1716 1668 1750 urbe
1685 1726 1892 1750 recessuros.
1937 1716 1995 1756 At,
2012 1716 2093 1750 dum
2108 1717 2198 1750 nihi-

366 1768 515 1800 lominus
536 1769 719 1810 persistere
742 1770 872 1808 vident,
894 1780 983 1802 uxor
1005 1768 1179 1803 Benarvet
1201 1780 1280 1802 cum
1304 1770 1374 1803 filio
1397 1775 1433 1803 et
1454 1769 1651 1803 melioribus
1677 1769 1782 1809 urbis,
1813 1770 1958 1803 navibus
1989 1770 2123 1804 duabus
2151 1770 2198 1804 de

367 1827 467 1854 nocte
492 1832 554 1864 per
576 1822 708 1854 medias
729 1832 836 1854 naves
858 1828 992 1855 nostras
1012 1822 1226 1865 rapidissimo
1241 1823 1371 1868 remige
1387 1824 1586 1863 evadentes,
1601 1833 1677 1856 sese
1694 1823 1821 1856 Notum
1834 1822 1846 1840 ²
1861 1823 2054 1866 recipiunt'.
2099 1823 2199 1858 Reli-

363 1874 432 1917 qui,
462 1874 605 1907 foedere
638 1875 840 1918 composito,
872 1876 1048 1909 deditione
1079 1870 1155 1909 sese
1186 1882 1222 1909 et
1248 1876 1369 1909 urbem
1399 1876 1564 1910 reddunt:
1595 1886 1685 1909 anno
1716 1876 1920 1909 Dominicae
1950 1876 2198 1910 incarnationis
2220 1878 2284 1910 30

362 1926 573 1960 MLXXXV
585 1927 607 1960 ⁸.

450 2012 510 2045 ΙΙΙ.
534 2031 575 2035 -
599 2013 690 2045 Dum
711 2014 776 2046 ista
798 2020 974 2058 geruntur,
998 2014 1126 2056 Pisani,
1148 2015 1208 2059 qui
1239 2016 1332 2059 apud
1362 2015 1519 2048 Africam
1550 2015 1760 2059 negotiando
1782 2014 2100 2059 proficiscebantur,
2114 2025 2200 2059 qua-

363 2066 460 2098 sdam
481 2065 624 2110 injurias
645 2066 748 2109 passi,
771 2067 929 2100 exercitu
951 2074 1176 2112 congregato,
1198 2068 1319 2102 urbem
1341 2068 1486 2112 regiam'
1510 2069 1604 2113 regis
1626 2069 1792 2102 Thumini
1816 2074 2067 2112 oppugnantes,
2089 2077 2200 2113 usquo

363 2119 410 2152 ad
431 2119 596 2164 majorem
618 2120 750 2159 turrim,
773 2130 842 2163 qua
863 2131 926 2153 rex
949 2121 1220 2162 defende'batur‚
1243 2122 1396 2165 capiunt.
1443 2122 1515 2156 Sed
1538 2122 1617 2165 quia
1639 2133 1700 2155 sua
1721 2122 1860 2160 virtute,
1881 2121 1968 2154 urbe
1991 2127 2202 2166 expugnata,

364 2172 513 2215 patriam
536 2173 685 2205 retinere
715 2174 829 2206 minus
855 2174 1060 2209 sufficientes
1091 2181 1201 2214 erant,
1232 2176 1352 2209 comiti
1383 2176 1570 2215 Siciliensi,
1601 2185 1706 2219 quem
1733 2176 1771 2207 in
1800 2174 1938 2208 talibus'
1969 2175 2197 2208 sufficientem
2221 2175 2263 2208 35

451 2282 474 2300 1.
492 2276 669 2308 ostensione]
687 2277 827 2302 hofisione
845 2279 874 2302 P
890 2292 922 2297 -
943 2285 967 2304 2.
987 2279 1221 2312 Tauromenium]
1240 2280 1405 2305 Turoneum
1423 2281 1452 2305 P
1469 2293 1477 2298 -
1497 2278 1691 2312 Longaevam]
1712 2280 1892 2312 Longaevam
1913 2281 1941 2305 P
1963 2293 1972 2297 -
1991 2278 2139 2304 Resenux
2155 2280 2196 2309 P;

361 2317 477 2351 Beselap
501 2317 543 2347 B:
569 2317 686 2351 Reselep
712 2319 741 2343 D
764 2332 797 2337 —
823 2327 847 2351 4.
871 2323 959 2353 erant,
980 2322 1104 2347 consilio
1122 2322 1230 2351 habitO,
1249 2323 1325 2348 conf.
1343 2323 1372 2347 P
1388 2335 1400 2342 -
1419 2321 1539 2355 Georgii
1561 2322 1657 2355 patrui
1674 2322 1703 2346 P
1720 2336 1750 2339 —
1773 2327 1797 2353 5.
1815 2319 1939 2355 sagacia]
1959 2321 2066 2355 sagetia
2084 2321 2146 2348 Pe
2162 2334 2196 2341 -

361 2366 385 2392 7.
404 2361 478 2384 sicut
496 2361 524 2384 et
542 2367 640 2393 graeca
657 2368 707 2387 om.
727 2362 784 2386 PC
802 2375 835 2379 —
858 2369 897 2387 10.
917 2363 1081 2389 sabbathum
1101 2364 1127 2388 P
1142 2378 1174 2382 —
1196 2372 1235 2390 11.
1254 2362 1333 2398 ergo]
1352 2366 1447 2389 autem
1465 2364 1492 2388 P
1507 2377 1515 2382 -
1535 2365 1627 2397 prima
1645 2364 1674 2389 P
1689 2377 1722 2382 —
1744 2368 1830 2396 14-15.
1849 2363 1881 2388 Iu
1898 2364 1963 2389 BD
1975 2363 2197 2395 tlmdocaere

358 2401 409 2426 cosi
427 2402 462 2426 da
481 2402 680 2428 illucescentez
699 2402 800 2428 Comes
818 2411 886 2437 ergo
905 2411 970 2430 suos
989 2413 1178 2436 commonens,
1197 2408 1330 2441 proxima
1348 2407 1411 2431 luce
1434 2407 1626 2435 illucescente,
1651 2406 1817 2436 Siracusiae,
1842 2406 1890 2430 ubi
1915 2405 2041 2430 Benavet
2064 2405 2196 2431 acerrIme

361 2451 423 2468 cum
442 2443 531 2469 classe
549 2451 599 2469 sua
619 2445 854 2477 praestolabatur,
874 2448 1023 2472 matutinis
1041 2448 1148 2473 himnis
1167 2457 1231 2474 cum
1250 2450 1399 2474 mIssarum
1417 2448 1648 2473 solemnitatibus
1667 2448 1774 2472 auditis
1792 2455 1826 2472 ac
1848 2448 1923 2473 facta
1942 2448 2123 2472 consessione
2135 2455 2196 2481 pre-

360 2486 465 2518 sbiteri,
479 2486 555 2517 hulc,
568 2487 629 2511 luce
643 2487 828 2517 muciscente,
841 2489 968 2514 veniunt.
1006 2490 1153 2515 Certamen
1174 2504 1207 2509 —
1229 2496 1270 2523 ις.
1287 2493 1404 2523 uterque
1423 2492 1452 2515 D
1471 2505 1503 2509 —-
1524 2490 1565 2516 16.
1579 2491 1709 2515 miseram
1723 2490 1875 2515 terminare
1885 2489 1938 2514 cosi
1950 2490 2013 2515 BD
2024 2503 2057 2508 —
2074 2489 2113 2515 18.
2126 2489 2198 2514 insi-

361 2527 445 2552 lierat
469 2528 517 2553 P·
531 2529 655 2553 minanti
674 2529 700 2553 B
717 2542 750 2548 —
771 2536 813 2554 21.
834 2530 1041 2557 multatus....
1059 2533 1211 2565 perplexus
1229 2535 1272 2558 est
1290 2533 1354 2558 BD
1371 2546 1404 2551 -—
1431 2539 1472 2557 22.
1498 2531 1679 2565 truncantur]
1703 2533 1840 2557 necantur
1865 2533 1894 2556 P
1909 2544 1920 2550 ·
1944 2531 2078 2556 Victores
2103 2532 2194 2557 nostri

359 2569 517 2595 efficiuntur
534 2578 582 2595 om.
602 2571 629 2595 P
644 2584 678 2589 —
697 2577 739 2603 ²3-
759 2571 911 2604 debellata]
925 2576 1090 2606 oppugnata
1108 2575 1173 2600 BD
1192 2589 1224 2594 -
1245 2582 1287 2607 ²4·
1306 2583 1340 2600 ne
1358 2575 1436 2600 fieret
1456 2576 1484 2599 P
1500 2588 1532 2593 —-
1553 2580 1595 2606 25.
1608 2574 1672 2599 urbi
1686 2574 1823 2605 adhiblta,
1837 2575 1898 2607 ipsa
1912 2573 2067 2606 plurimum
2080 2573 2194 2599 recalci-

359 2612 462 2636 trando
476 2612 565 2637 multa
580 2613 729 2638 infestatio
749 2613 813 2638 BD
825 2627 858 2632 —
872 2619 915 2646 27.
927 2622 1110 2648 processuros
1129 2618 1156 2642 P
1167 2630 1200 2635 —-
1214 2624 1257 2650 30.
1270 2625 1299 2643 se
1316 2619 1345 2643 P
1361 2631 1393 2636 —
1407 2624 1449 2650 31.
1464 2616 1639 2642 MLXXXIV
1654 2617 1682 2641 D
1694 2629 1727 2635 —
1741 2623 1783 2648 32·
1797 2614 1883 2649 Dum]
1895 2614 1966 2640 Cum
1981 2616 2007 2640 P
2019 2630 2050 2635 —-
2063 2622 2107 2648 33.
2119 2614 2196 2642 Thu-

359 2651 442 2687 mini]
461 2653 577 2679 Tunicli
598 2655 625 2680 P
640 2663 707 2679 come
721 2658 773 2687 per
791 2655 815 2680 lo
832 2657 944 2681 innanzi
960 2670 992 2675 -
1013 2663 1055 2690 35.
1074 2661 1154 2684 erant
1172 2667 1220 2684 om.
1239 2661 1301 2686 PC
1316 2673 1327 2678 -
1347 2661 1377 2684 in
1402 2667 1451 2684 om.
1470 2659 1531 2685 PC
2158 2675 2161 2677 ¹

444 2732 454 2750 ¹
468 2741 502 2758 20
514 2735 644 2768 magglo:
658 2735 829 2768 Taormina3
843 2744 874 2761 21
890 2739 1017 2770 magglo=
1031 2737 1163 2771 Lognina
1177 2739 1246 2773 (cosl
1303 2742 1419 2774 tospata
1437 2748 1452 2765 e
1471 2740 1504 2764 da
1518 2739 1679 2764 Romualdo
1692 2739 1874 2763 salernitano
1887 2738 1914 2763 al
1931 2737 2005 2763 1088.
2041 2737 2065 2762 11
2091 2737 2199 2770 Caspar

357 2775 384 2800 la
403 2775 513 2801 chiama
531 2777 619 2802 anche
638 2778 762 2809 Edris1):
782 2779 803 2803 il
823 2785 855 2803 22
876 2780 907 2804 ed
927 2779 950 2804 il
970 2786 1002 2812 ²3
1016 2779 1138 2813 (sabato)
1151 2790 1166 2806 a
1179 2790 1249 2816 capo
1304 2782 1407 2816 (Roger
1425 2781 1466 2811 II,
1485 2781 1548 2815 546)
1566 2789 1581 2806 e
1602 2782 1630 2806 lo
1650 2781 1822 2807 Chalandon
1840 2780 1980 2814 (Binan,
1998 2779 2020 2811 1,
2033 2779 2097 2812 338)
2107 2782 2199 2805 accet-

356 2817 430 2842 della
443 2817 643 2850 Crocifissa,la
655 2820 795 2845 Ramah'x
807 2821 852 2845 del
862 2821 901 2846 M.
914 2820 1249 2858 (arameas-es-sauba),
1304 2828 1374 2851 tano
1394 2826 1494 2850 lnvece
1513 2825 1611 2850 l’anno
1631 2824 1698 2850 dato
1722 2825 1768 2849 dal
1794 2825 1842 2852 M..
1867 2825 1942 2849 ossis
1968 2823 1990 2848 il
2018 2822 2095 2856 1085.
2131 2823 2198 2848 Non
2226 2830 2260 2848 zo
2278 2834 2280 2838 >

356 2858 386 2883 dl
406 2860 459 2889 cui,
479 2868 557 2885 come
572 2869 676 2894 appare
689 2862 764 2887 dalle
778 2863 911 2892 varianti,
925 2864 935 2888 i
949 2865 1054 2896 copisti
1066 2865 1162 2890 hanno
1176 2868 1250 2890 stor-
1305 2869 1398 2892 devesl
1419 2866 1487 2900 pero
1507 2867 1691 2892 dimenticare
1710 2867 1760 2891 che
1787 2866 1973 2891 l'incursione
1992 2866 2020 2890 di
2044 2865 2199 2891 Bernarvet

356 2902 434 2932 piata
453 2903 482 2927 la
499 2904 695 2929 trascrizione.
1304 2910 1377 2935 sulle
1395 2911 1473 2934 coste
1492 2909 1628 2934 calabresi
1650 2916 1777 2934 avvenne
1797 2906 1921 2933 allon-che
1941 2907 1962 2932 il
1982 2906 2075 2933 Conte
2094 2908 2118 2932 sl
2137 2907 2198 2932 tro—

443 2941 454 2959 *
472 2945 558 2974 Noto,
578 2946 608 2970 in
627 2953 709 2978 prov.
729 2948 756 2971 di
777 2947 916 2973 siracusa.
1305 2958 1377 2976 vava
1397 2952 1560 2983 impegnato
1585 2951 1627 2975 sul
1655 2951 1830 2978 continente,
1855 2950 1885 2974 in
1911 2949 2003 2974 difesa
2027 2948 2072 2974 del
2098 2949 2199 2982 nipote

441 2984 453 3000 ³
472 2986 510 3011 La
529 2988 629 3013 eaduta
651 2988 679 3013 dl
701 2988 830 3020 Siracusa
850 2989 864 3014 e
878 2991 1028 3023 ,registi-ata
1042 2991 1075 3015 da
1091 2992 1171 3024 Lupo
1184 2992 1249 3017 Pro·
1304 2994 1457 3025 Rugglero,
1477 2995 1654 3019 contrastato
1676 2993 1751 3018 nella
1771 2994 1946 3018 successione
1971 2993 1996 3017 al
2016 2992 2137 3018 Ducato.

2303 3246 2307 3254 -
2303 3222 2306 3234 -
2303 3199 2305 3204 -
2300 3152 2306 3187 ——1-
2297 2633 2310 3144 —n-a—-v——ravherz-„ss-asszrJ-A-w-..—.0——u
2304 2523 2309 2635 2-..——.
