2320 3424
144 355 242 383 extra
263 349 384 383 urbem
408 350 633 389 adducentes,
655 350 771 384 multis
792 351 1070 385 Normannorum
1093 361 1178 393 prae
1200 350 1328 395 gaudio
1343 349 1512 389 flentibus,
1529 349 1692 388 reddunt3
1716 360 1791 383 sese
1815 349 1984 392 deinceps

143 403 263 436 fideles
284 403 421 446 utrique
444 403 579 437 futuros
602 404 716 438 multis
738 404 983 456 assertionibus
1005 404 1207 447 promittunt
1218 402 1241 436 ¹.

229 510 379 543 XXVII.
404 529 445 533 -—
470 511 548 543 Dux
570 511 673 554 igitur
696 516 731 543 et
754 521 881 550 comes,
904 521 978 543 sese
1003 517 1120 544 mutuo
1144 511 1399 553 conspicientes
1426 529 1467 534 -
1491 517 1528 543 ut
1558 510 1731 553 quondam
1759 510 1888 553 Joseph
1917 510 1983 543 Be-

144 564 271 596 niamin
295 585 336 590 -
360 564 395 596 in
418 564 494 597 visu
517 574 600 607 prae
624 564 813 598 dulcedine
835 565 1019 608 insperata,
1042 565 1077 597 in
1099 575 1305 607 prosperum
1328 565 1475 598 cedente
1499 565 1648 604 fortuna,
1671 565 1707 597 in
1729 564 1886 597 lacrimas
1909 574 1983 607 pro-

46 654 47 657 ¹
100 615 120 648 5
142 623 352 660 rumpentes,
375 617 501 649 mutuis
523 617 737 660 amplexibus
759 619 930 650 fruuntur.
976 618 1055 650 Dux
1078 618 1195 650 comiti
1218 628 1306 660 quae
1330 618 1544 660 promiserat,
1566 628 1603 650 se
1626 618 1751 650 amodo
1774 627 1843 650 non
1868 622 1983 650 reten-

140 675 252 703 turum
274 669 454 711 promittit.
501 671 637 708 Comes,
653 670 777 703 ducem
792 680 900 712 usque
916 670 961 702 ad
978 669 1142 703 Sanctum
1158 669 1345 702 Martinum
1360 676 1574 712 prosecutus,
1590 670 1674 702 inde
1697 668 1854 702 Melitum
1878 669 1982 702 vadit.

142 721 275 755 Milites
297 732 380 756 vero
405 723 548 763 comitis,
571 724 631 766 qui
652 722 746 766 apud
768 722 926 755 Melitum
950 728 1058 761 erant,
1089 723 1209 755 audito
1238 723 1364 755 ducem
1395 722 1429 754 in
1460 723 1620 765 captione
1650 723 1808 761 detineri,
1841 722 1985 755 castella

144 775 228 815 eius,
252 786 342 819 quae
366 783 444 809 ante
468 776 628 809 Melitum
652 777 858 815 firmaverat,
882 781 1124 818 oppugnantes
1146 775 1304 818 capiunt3
1327 775 1454 808 milites
1476 786 1570 815 vero,
1594 786 1679 818 quos
1702 776 1917 814 invenerant,
1945 776 1982 808 in

33 861 45 870 Υ
144 829 307 872 captione
329 830 529 870 retinentes,
559 830 627 863 suis
649 829 814 862 militibus
837 829 1027 868 castellum,
1051 828 1146 872 quod
1170 828 1263 871 apud
1286 827 1453 862 Sanctum
1475 827 1649 872 Angelum
1672 830 1877 867 firmaverat,
1907 840 1982 861 mu-

36 890 45 894 ’
83 883 123 916 10
144 882 262 919 niunt3
285 883 380 916 aliud
403 894 496 922 vero,
521 883 614 927 quod
636 883 749 915 minus
771 883 862 915 forte
883 882 1075 922 videbatur,
1099 882 1249 914 diruunt.
1295 881 1392 914 Uxor
1415 893 1508 922 vero,
1535 881 1766 915 viduationem
1797 883 1982 925 suspicata,

144 936 320 979 Tropeam
343 937 480 980 aufugit
491 936 514 970 ².

233 1043 400 1084 XXVIII.
426 1062 468 1067 —
491 1044 571 1076 Dux
593 1044 708 1087 itaque
732 1044 800 1076 hoc
823 1043 977 1081 audiens,
1000 1042 1078 1085 plus
1100 1042 1262 1075 maleficii
1286 1053 1389 1085 quam
1411 1042 1573 1075 beneficii
1596 1053 1736 1081 memor,
1765 1043 1913 1075 maxima
1928 1043 1980 1076 in-

144 1097 345 1142 dignatione
367 1103 553 1140 permotus,
577 1097 853 1135 conventionem,
876 1106 979 1140 quam
1001 1095 1100 1128 fratri
1123 1095 1338 1138 promiserat,
1365 1095 1490 1138 exequi
1521 1095 1686 1139 denegat:
1709 1096 1822 1129 donec
1854 1096 1918 1129 sibi
1949 1103 1984 1129 et

34 1188 38 1197 v
143 1150 322 1183 castellum
345 1150 463 1183 Sancti
486 1149 614 1194 Angeli
637 1156 672 1182 et
694 1149 830 1188 milites,
853 1149 912 1192 qui
927 1148 962 1180 in
978 1149 1139 1191 captione
1156 1147 1370 1187 tenebantur,
1386 1148 1620 1187 restituantur,
1637 1154 1672 1181 et
1688 1149 1731 1181 de
1748 1149 1842 1181 illata
1856 1150 1983 1193 injuria

30 1238 33 1243 .
82 1203 120 1236 15
142 1204 198 1248 jus
220 1210 387 1237 teneatur,
432 1203 542 1236 Porro
566 1213 683 1235 comes
704 1203 805 1235 fratri
835 1201 927 1240 duci,
959 1211 1094 1234 omnem
1126 1202 1345 1235 occasionem
1376 1202 1450 1234 eius
1480 1202 1569 1234 velle
1599 1203 1814 1245 exequendo,
1844 1203 1982 1235 auferre

142 1257 274 1296 volens,
298 1257 423 1290 milites
444 1257 578 1295 reddit3
603 1263 638 1289 et
661 1256 838 1290 castellum
861 1261 896 1288 et
912 1265 1000 1298 quae
1022 1255 1060 1287 in
1083 1255 1158 1298 ipso
1181 1261 1315 1288 retenta
1337 1261 1427 1293 sunt,
1451 1255 1610 1288 restituit.
1655 1255 1726 1288 Sed
1749 1266 1828 1288 cum
1851 1267 1917 1289 nec
1933 1257 1982 1290 sic

144 1310 292 1343 animum
316 1310 442 1350 fratris,
466 1315 503 1342 ut
525 1309 590 1343 sibi
619 1309 673 1353 jus
701 1314 829 1348 teneat,
860 1307 986 1341 molliri
1017 1308 1122 1346 videt,
1145 1308 1330 1341 traditione
1353 1308 1616 1341 inhabitantium
1646 1315 1797 1341 castrum
1820 1309 1985 1342 Messiani

143 1363 327 1407 ingressus,
351 1363 431 1396 duci
454 1363 652 1396 inimicitias
666 1362 816 1395 mandat.
862 1362 939 1394 Dux
955 1361 1081 1404 itaque,
1097 1361 1221 1394 videns
1237 1367 1397 1400 castrum,
1414 1362 1510 1404 quod
1524 1361 1646 1394 melius
1662 1362 1696 1393 in
1713 1362 1788 1404 ipsa
1804 1363 1984 1404 provincia

33 1459 35 1462 ¹
143 1415 304 1455 habebat,
326 1417 392 1450 sibi
415 1416 577 1454 ablatum,
600 1415 716 1448 sciens
739 1421 844 1448 totam
860 1414 1058 1447 Calabriam
1072 1424 1136 1456 per
1150 1413 1254 1446 illud'
1271 1414 1376 1447 facile
1393 1424 1494 1456 posse
1510 1414 1650 1452 turbari,
1667 1415 1704 1446 in
1719 1415 1808 1447 valle
1824 1414 1982 1448 Cratensi

78 1471 121 1503 20
144 1481 222 1503 cum
246 1470 353 1502 fratre
369 1469 437 1502 sibi
451 1469 714 1502 conventionem
730 1473 905 1506 executus,
929 1466 1126 1500 Calabriam
1141 1467 1282 1510 partivit
1294 1466 1317 1499 ⁸.
1363 1467 1491 1510 Sicque
1506 1468 1541 1499 in
1557 1468 1722 1509 Apuliam
1739 1468 1845 1507 vadit,
1869 1478 1984 1501 comes

143 1533 226 1556 vero
248 1523 283 1555 in
301 1522 496 1556 Calabriam
512 1522 705 1565 portionem
718 1532 814 1554 suam
829 1527 1032 1563 recepturus
1047 1521 1149 1553 redit.
1193 1519 1252 1558 At,
1269 1530 1346 1553 cum
1363 1521 1499 1553 videret
1514 1531 1594 1553 suos
1609 1527 1753 1563 propter
1767 1521 1983 1561 seditionem,

144 1586 232 1620 quae
254 1576 346 1608 inter
368 1586 404 1608 se
422 1582 456 1608 et
478 1576 621 1608 fratrem
637 1575 806 1608 hactenus
821 1574 947 1612 fuerat,
964 1573 1072 1617 equis,
1089 1573 1241 1606 vestibus
1252 1579 1287 1606 et
1303 1573 1407 1605 armis
1421 1573 1533 1605 minus
1549 1573 1772 1611 sufficientes,
1795 1584 1858 1615 per
1880 1579 1984 1606 totam

142 1628 340 1663 Calabriam
363 1639 384 1661 a
402 1628 687 1672 quibuscumque,
702 1633 844 1671 propter
859 1627 955 1671 quod
969 1627 1001 1659 ei
1015 1626 1179 1665 tribuant,
1195 1626 1387 1669 expetitum
1402 1625 1509 1659 vadit.
1554 1626 1775 1669 veniensque
1791 1626 1984 1668 Geracium‚

34 1712 37 1718 .
143 1683 224 1726 quia
247 1692 316 1722 eos,
339 1682 437 1726 quasi
459 1682 681 1720 infideliores,
705 1681 850 1714 caeteris
871 1681 1044 1714 exosiores
1065 1679 1227 1719 habebat,
1249 1686 1286 1712 ut
1308 1679 1386 1722 plus
1407 1679 1452 1712 ab
1474 1679 1557 1721 ipsis
1575 1685 1790 1722 extorqueat,
1806 1680 1985 1712 castellum

77 1735 119 1769 25
143 1742 242 1770 extra
263 1735 384 1769 urbem
406 1735 530 1778 procul
559 1746 634 1768 sese
665 1735 801 1767 firmare
831 1735 915 1779 figit.
962 1733 1216 1767 Geracensibus
1246 1743 1329 1766 vero
1351 1733 1579 1776 juramentum
1603 1732 1667 1764 sibi
1689 1743 1709 1764 a
1732 1733 1822 1765 duce
1853 1734 1984 1766 factum

30 1782 32 1786 ’
142 1787 394 1832 objicientibus,
419 1798 535 1822 comes
557 1788 755 1831 respondit:
784 1790 798 1806 “
811 1787 899 1821 Cum
921 1787 1087 1820 medietas
1109 1787 1251 1820 Geracii
1274 1797 1351 1819 mea
1372 1785 1427 1824 sit,
1451 1786 1524 1818 dux
1545 1785 1580 1818 in
1605 1796 1666 1818 sua
1682 1791 1780 1828 parte
1803 1787 1987 1831 juramenti

148 1843 227 1876 “sui
249 1842 417 1882 ordinem,
441 1853 486 1875 ne
509 1842 664 1880 violetur,
687 1851 824 1875 servare
846 1842 991 1884 poterit;
1013 1852 1068 1874 me
1083 1851 1179 1880 vero,
1195 1841 1254 1884 qui
1275 1840 1312 1872 in
1334 1850 1411 1872 mea
1432 1845 1530 1882 parte
1555 1839 1735 1882 quodlibet
1757 1840 1896 1878 faciam,
1920 1851 1984 1873 nec

147 1896 162 1913 “
176 1902 302 1936 votum,
326 1905 393 1929 nec
416 1896 594 1939 promissio
619 1895 734 1939 aliqua
757 1895 936 1939 redarguit
948 1899 977 1935 ’,,.
1024 1895 1240 1928 Geracenses
1254 1903 1349 1937 ergo,
1365 1898 1618 1936 cognoscentes
1640 1903 1677 1925 se
1700 1893 1828 1925 callide
1844 1904 1865 1925 a
1880 1893 1984 1926 duce'

42 1979 43 1982 ,
140 1949 334 1994 juramento
365 1950 514 1988 delusos,
543 1948 763 1991 insipientiae
794 1959 875 1981 suae
907 1948 1084 1991 deputant.
1129 1947 1239 1981 Paeto
1269 1957 1348 1979 cum
1379 1947 1506 1979 comite
1537 1946 1643 1985 facto,
1673 1957 1694 1978 a
1716 1946 1867 1984 castello,
1891 1947 1985 1989 quod

44 2007 45 2011 ’
78 2005 120 2036 30
143 2003 287 2037 foedere
311 2008 463 2046 ceperat,
486 2002 646 2045 pecunia,
668 2001 884 2045 potiusquam
908 2001 1022 2040 armis,
1044 2000 1140 2033 illum
1164 2005 1333 2033 avertunt.

231 2109 364 2143 XXIX.
389 2127 431 2133 ——-
454 2109 582 2142 Comes
604 2108 721 2152 igitur,
744 2118 823 2141 suos
849 2107 1064 2140 abundanter
1093 2106 1195 2139 armis
1226 2113 1261 2139 et
1290 2106 1388 2149 equis
1417 2111 1452 2139 et
1482 2105 1641 2144 coeteris,
1672 2115 1761 2148 quae
1791 2106 1986 2138 necessaria

145 2169 253 2202 erant,
277 2172 511 2200 remunerans,
535 2167 570 2195 et
596 2167 734 2200 terram,
765 2171 853 2204 quae
883 2161 965 2194 sorti
995 2170 1078 2193 suae
1110 2166 1269 2198 cesserat,
1301 2159 1463 2193 fidelibus
1492 2159 1562 2191 suis
1592 2159 1782 2200 prudenter
1812 2159 1985 2197 ordinans,

142 2217 265 2250 iterum
296 2216 452 2249 Siciliam
479 2225 559 2247 cum
584 2214 751 2247 trecentis
773 2213 1008 2248 debellaturus
1038 2214 1251 2258 aggreditur,
1279 2223 1426 2246 uxorem
1455 2212 1686 2256 juvenculam,
1710 2212 1865 2254 quamvis
1895 2212 1984 2244 timi-

143 2271 223 2304 dam
248 2275 282 2303 et
305 2269 340 2302 in
363 2274 527 2312 quantum
554 2268 717 2301 audiebat
747 2268 964 2307 renitentem,
986 2277 1103 2300 secum
1127 2267 1268 2300 ducens.
1315 2267 1471 2300 Veniens
1493 2266 1610 2309 itaque
1633 2266 1726 2308 apud
1748 2265 1935 2308 Tmynam,
1965 2276 1986 2297 a

40 2352 47 2363 ,γ
79 2322 121 2357 35
146 2323 344 2357 christianis
367 2322 523 2360 Graecis,
546 2322 606 2365 qui
631 2330 708 2354 eum
729 2321 798 2364 jam
822 2321 930 2353 altera
959 2321 1037 2353 vice
1068 2321 1222 2354 similiter
1252 2325 1485 2363 susceperant,
1515 2319 1639 2351 iterum
1670 2324 1716 2357 et,
1746 2319 1774 2351 si
1805 2328 1874 2351 non
1906 2328 1983 2351 cum

42 2373 44 2375 ’
143 2382 251 2416 tanta,
275 2382 312 2408 ut
332 2376 439 2419 prius,
461 2381 576 2408 tamen
599 2374 779 2407 alacritate
802 2374 997 2417 suscipitur,
1020 2373 1220 2418 urbemque,
1244 2373 1399 2416 quamvis
1414 2379 1536 2405 natura
1551 2372 1688 2411 montis,
1705 2372 1742 2403 in
1758 2381 1826 2414 quo
1842 2371 1908 2404 sita
1923 2378 1985 2411 est,

235 2497 259 2521 4.
278 2489 375 2513 inviso
393 2489 422 2514 Ρ
437 2501 449 2507 -
468 2486 624 2520 insperata]
645 2488 675 2512 in
695 2494 794 2520 aspero
814 2488 840 2512 Ρ
858 2500 866 2505 -
886 2487 1013 2512 cedentis
1033 2487 1166 2511 fortunae
1183 2487 1244 2511 PC
1263 2500 1295 2504 —
1315 2484 1368 2519 5-6.
1388 2485 1563 2510 redditurum
1584 2485 1646 2509 BD
1658 2498 1690 2502 —
1707 2491 1747 2508 10.
1761 2484 1854 2508 minus
1866 2491 1914 2508 om.
1928 2484 1987 2509 PC

147 2545 180 2550 -—
196 2538 236 2557 ιι,
249 2531 410 2564 Troppeam
430 2531 472 2560 B}
491 2530 653 2564 Troppeum
666 2531 695 2555 D
707 2542 740 2548 ·-
758 2536 798 2555 12.
818 2530 880 2562 plus
898 2537 948 2554 om.
966 2530 1026 2555 PC
1044 2542 1052 2547 -
1072 2536 1155 2561 quam
1173 2527 1300 2554 beneficii
1321 2536 1368 2553 om.
1390 2529 1450 2553 CD
1469 2542 1502 2546 —
1525 2534 1563 2559 ¹3·
1578 2527 1794 2560 promissionem
1810 2527 1873 2550 BD
1892 2539 1923 2543 -—
1947 2533 1985 2558 14.

147 2573 200 2599 illa
219 2574 246 2599 B
263 2587 296 2592 —
318 2578 358 2605 15.
377 2573 542 2605 obequendo
562 2573 590 2597 P
606 2585 640 2591 —
661 2571 700 2597 16.
715 2574 778 2605 ipso
792 2574 907 2605 accepta
918 2591 924 2596 .
936 2591 941 2596 .
954 2591 958 2596 .
972 2591 976 2596 .
991 2573 1179 2596 restituuntur
1194 2571 1257 2596 BD
1276 2584 1301 2589 -
1318 2577 1357 2604 17.
1371 2570 1597 2595 inhabitantium
1610 2576 1658 2593 om.
1676 2569 1699 2593 C
1712 2581 1744 2585 —
1760 2568 1801 2592 18.
1816 2568 1986 2593 Messianum

49 2646 51 2649 ι
147 2617 176 2641 Ρ
192 2629 223 2635 -
246 2615 332 2648 18-19.
352 2615 451 2640 videns
471 2617 570 2645 eastra,
590 2623 660 2647 quae
679 2617 745 2639 ante
762 2614 902 2643 MeIitum,
924 2616 953 2639 in
975 2615 1036 2647 ipsa
1055 2613 1206 2647 provincia
1225 2613 1353 2641 habebat,
1373 2613 1428 2637 sibi
1448 2613 1543 2636 ablata
1563 2613 1590 2636 P
1606 2624 1638 2628 —
1662 2618 1701 2642 19.
1714 2612 1856 2635 totam...
1870 2629 1874 2634 .
1889 2610 1986 2635 Calab.

44 2649 48 2667 ζ’
102 2662 116 2690 5
147 2665 195 2684 om.
215 2659 245 2683 D
263 2672 295 2676 —
315 2664 356 2682 20.
377 2657 509 2682 Gratensi
528 2658 568 2687 P}
588 2656 756 2682 Gitancensi
776 2657 802 2681 B
820 2670 830 2675 -
849 2658 967 2681 executo
986 2657 1046 2682 PC
1063 2669 1093 2674 —-
1117 2662 1157 2689 23.
1177 2662 1194 2680 a
1213 2656 1435 2688 quibuscumque
1454 2656 1569 2686 propter
1594 2653 1668 2685 quod
1694 2653 1734 2677 eis
1759 2650 1898 2685 tribuant]
1922 2654 1987 2685 post

67 2700 69 2702 '
147 2700 262 2733 quidem
280 2701 320 2724 eis
339 2700 448 2725 tributa
467 2700 494 2724 P
511 2713 544 2717 —
565 2698 606 2724 26.
626 2698 686 2731 sua]
707 2699 758 2723 illa
779 2699 843 2724 BD
855 2712 865 2717 -
880 2706 937 2723 non
951 2698 1043 2723 violet
1056 2699 1082 2723 B
1095 2711 1127 2716 -—
1142 2704 1183 2731 ²9·
1197 2698 1369 2731 deputarunt
1381 2697 1435 2722 PC
1448 2710 1480 2714 —
1494 2703 1536 2729 31.
1551 2694 1654 2728 igitur]
1669 2702 1735 2719 vero
1750 2695 1776 2719 P
1787 2707 1798 2713 -
1811 2695 1839 2718 et
1852 2694 1986 2727 coeteris]

149 2743 321 2774 coeterlsque
339 2743 368 2768 Ρ
383 2755 416 2760 -
437 2748 479 2774 32.
498 2748 568 2773 quae
587 2741 642 2766 sibi
663 2741 736 2766 sorte
755 2742 874 2765 cesserat
892 2741 920 2766 P
936 2753 969 2760 —
989 2747 1078 2773 33-34.
1098 2741 1229 2766 timidam
1247 2741 1275 2765 et
1294 2740 1325 2765 in
1345 2741 1482 2772 quantum
1501 2746 1549 2763 om.
1569 2738 1596 2762 P
1612 2751 1644 2754 —
1665 2742 1707 2769 35.
1727 2737 1860 2761 similiter
1878 2744 1927 2761 om.
1946 2737 1973 2761 P

232 2843 242 2860 ¹
261 2844 424 2870 Dobbiamo
444 2844 573 2869 soltanto
585 2844 611 2868 al
624 2843 662 2868 M.
677 2844 705 2869 la
718 2849 894 2868 conoscenza
907 2842 951 2868 dei
965 2842 1035 2868 fatti
1090 2843 1212 2874 Orbene,
1231 2843 1355 2867 secondo
1381 2843 1488 2874 quanto
1508 2841 1529 2864 il
1544 2840 1582 2864 M.
1595 2837 1657 2864 dira
1670 2838 1719 2871 piix
1735 2836 1793 2871 giu,
1806 2846 1822 2863 a
1836 2840 1986 2872 proposito

146 2888 253 2913 narratl
275 2887 305 2912 in
324 2888 415 2919 questi
434 2888 477 2912 tre
496 2886 592 2911 ultimi
613 2886 742 2919 capitoli.
1091 2885 1135 2910 del
1149 2886 1334 2910 drammatico
1353 2884 1484 2917 episodio
1504 2883 1532 2907 di
1554 2881 1668 2911 Geraee,
1690 2882 1721 2905 in
1740 2882 1839 2913 questo
1851 2881 1986 2906 abbocca-

6 2939 7 2942 ¹
88 2935 120 2955 xo
232 2928 244 2946 ¹
262 2930 383 2964 Tropea,
402 2931 432 2954 in
453 2929 605 2962 provincia
625 2929 654 2953 di
673 2928 844 2954 eatanzaro.
1091 2930 1188 2953 mento
1208 2928 1218 2952 i
1238 2927 1292 2952 due
1318 2927 1436 2956 fratelli,
1461 2924 1585 2949 Roberto
1609 2931 1624 2948 e
1650 2923 1803 2956 Ruggiero,
1831 2925 1985 2948 convenuti

233 2972 245 2990 ³
263 2970 370 3001 Quento
389 2973 511 2997 trattato
531 2971 678 3000 richinma,
697 2970 933 2996 confermandolo
952 2979 966 2995 e
977 2978 1037 3003 pre·
1093 2971 1212 2996 insieme
1227 2969 1302 2994 nella
1316 2968 1398 2993 Valle
1411 2967 1457 2992 del
1471 2966 1562 2995 erati,
1582 2965 1769 2990 stabiliscono
1784 2972 1839 2990 una
1853 2966 1944 2997 specie
1957 2965 1984 2990 di

146 3013 303 3046 chandolo,
328 3014 424 3047 quello
449 3013 494 3039 del
522 3013 606 3046 ¹058¹
631 3014 666 3039 cs.
692 3012 780 3038 Libro
805 3012 826 3043 1,
852 3020 911 3045 cap.
938 3012 1038 3039 xxix.
1092 3012 1286 3039 condorusto-tum
1307 3013 1335 3035 in
1357 3012 1487 3035 ciascuna
1505 3006 1577 3034 citt&
1597 3015 1613 3032 o
1634 3007 1751 3032 castello
1772 3007 1922 3033 calabrese.

2016 2929 2046 2955 ¹5

2059 1427 2083 1451 C,
2099 1432 2145 1451 17v

2053 1957 2084 1981 D,
2100 1963 2140 1982 ¹05
2155 1963 2168 1976 r
