2320 3424
457 1040 686 1073 Summmuu
709 1038 880 1072 Cam-rum
905 1047 1004 1076 QUAE:
1026 1037 1196 1071 Sneunno
1219 1038 1337 1071 Lmno
1359 1047 1628 1071 commu-run:

117 1199 246 1233 Car-ur
268 1199 431 1232 Paruum.
477 1199 603 1232 Comes
625 1199 800 1243 Rogerius
823 1199 970 1241 primum
994 1197 1150 1231 Siciliam
1173 1198 1290 1230 intrat.
2017 1209 2092 1233 Mun„
2112 1214 2151 1234 ⁵⁴⁵

171 1276 186 1292 ,,
268 1252 477 1285 Szctmnum.
523 1252 602 1284 Dux
624 1251 799 1284 Robertus
821 1251 972 1295 Regium
995 1256 1029 1284 et
1051 1256 1159 1283 totam
1187 1249 1382 1284 Calabriam
1413 1251 1668 1293 procurandam
1700 1250 1840 1294 delegat
1852 1263 1861 1289 ;
1892 1251 1967 1294 ipse

468 1304 506 1337 in
528 1304 691 1347 Apuliam
713 1304 820 1337 vadit.

265 1359 451 1391 Tannum.
485 1358 664 1396 Betumen‚
677 1357 886 1392 admiraldus
898 1357 1048 1396 Siciliae,
1061 1369 1082 1390 a
1093 1358 1161 1390 suis
1173 1359 1346 1401 expulsus,
1361 1358 1453 1400 apud
1464 1357 1615 1401 Regium
1630 1358 1676 1390 ad
1688 1358 1847 1390 comitem
1861 1358 1966 1391 venit.

268 1412 471 1451 QUARTUM.
517 1410 671 1444 Consilio
694 1411 893 1444 Betumenis
916 1421 1033 1444 comes
1055 1411 1230 1456 Rogerius
1252 1411 1288 1444 in
1311 1411 1467 1444 Siciliam
1491 1411 1613 1444 iterum
1637 1411 1742 1443 vadit.

268 1465 457 1504 Qunvmn.
503 1465 631 1499 Comes
653 1465 826 1509 Rogerius
850 1476 929 1498 cum
951 1465 1234 1498 Messanensibus
1256 1465 1457 1508 proeliatur.

265 1519 428 1553 Snx'ruu.
474 1519 575 1551 Mare
598 1518 775 1552 turbatum
797 1518 914 1551 sedari
937 1529 1054 1552 comes
1076 1519 1253 1562 Rogerius
1275 1524 1357 1552 voto
1380 1518 1525 1551 obtinet.

268 1573 472 1607 SEPTMUM.
518 1571 626 1611 Quod
648 1572 792 1616 praeda,
814 1582 919 1615 super
941 1582 1097 1617 paganos
1120 1578 1278 1615 accepta,
1301 1572 1376 1605 Deo
1399 1572 1435 1604 in
1458 1572 1664 1605 sacrificium
1680 1572 1816 1615 ingrata
1829 1582 1898 1605 non
1914 1572 1966 1604 sit.

265 1626 458 1660 Oea-avum.
481 1626 729 1667 Panormitani,
741 1632 780 1659 ut
792 1626 917 1659 nostris
926 1626 1073 1659 transire
1083 1626 1281 1660 volentibus
1292 1626 1510 1669 prohibeant,
1524 1627 1652 1659 Farum
1664 1625 1803 1669 navigio
1815 1626 1967 1659 veniunt.

265 1680 414 1714 Nonum.
461 1680 590 1718 Nostri,
614 1679 794 1713 transitum
818 1679 884 1712 sibi
906 1679 1037 1713 turbari
1059 1679 1231 1718 videntes,
1255 1679 1447 1723 adjutorem
1469 1679 1666 1722 implorant.

265 1733 448 1767 Dsscmum.
496 1732 634 1771 Comes,
656 1732 888 1766 nescientibus
910 1733 1076 1771 hostibus,
1101 1733 1145 1767 de
1168 1739 1274 1766 nocte
1295 1733 1477 1773 transiens,
1499 1732 1697 1766 Messanam
1720 1732 1868 1775 accepit.

266 1787 442 1820 Dncmum
464 1796 620 1820 mmmm.
666 1786 879 1820 Sarracenus
902 1787 1043 1830 quidam
1066 1797 1219 1820 sororem
1242 1786 1411 1831 fugiendo
1434 1786 1654 1819 deficientem
1677 1786 1865 1819 interfecit.

267 1840 442 1874 Dnemum
471 1849 671 1874 smmum,
716 1839 964 1879 Panormitani,
995 1851 1032 1873 se
1063 1840 1177 1873 elusos
1208 1846 1470 1884 cognoscentes,
1501 1840 1682 1878 recedunt,
1714 1846 1748 1872 et
1780 1840 1850 1872 dux
1879 1839 1968 1872 liber

469 1894 600 1927 transit.

171 1971 187 1988 ‚,
268 1948 442 1981 Damnum
465 1956 641 1980 'munuu-
687 1948 766 1980 Dux
789 1954 824 1981 et
848 1958 974 1986 comes,
998 1948 1195 1980 Messanam
1218 1957 1283 1990 pro
1305 1947 1406 1980 libito
1428 1958 1490 1980 suo
1521 1947 1732 1987 ordinantes,
1761 1948 1967 1980 Ramectam

470 2000 645 2034 obsessum
668 2002 810 2034 vadunt.

169 2079 184 2095 „
266 2055 442 2088 Dncnnm
464 2063 656 2092 QUARTUM.
703 2053 890 2087 Christiani
914 2055 959 2087 de
982 2055 1073 2088 valle
1096 2054 1264 2087 Deminae
1288 2055 1404 2087 comiti
1428 2061 1462 2088 et
1485 2055 1567 2087 duci
1591 2065 1734 2087 munera
1759 2055 1921 2087 offerunt.

171 2132 186 2148 „
266 2108 441 2141 chmuu
463 2117 642 2146 QUINTUM.
687 2108 767 2140 Dux
790 2114 825 2141 et
848 2118 964 2141 comes
987 2108 1209 2142 Certurbium
1233 2114 1446 2151 oppugnant.

175 2187 190 2203 „
271 2161 447 2194 Dncrmm
469 2170 624 2194 snx‘rum.
670 2161 791 2195 Nostri
821 2172 842 2194 a
872 2161 1025 2205 planicie
1056 2161 1273 2194 Paternionis
1302 2171 1407 2204 super
1436 2162 1576 2195 fluvium
1610 2162 1806 2194 Guedetam
1837 2167 1966 2194 castra-

469 2214 590 2247 metati
612 2221 700 2249 sunt.

171 2292 187 2309 ‚,
268 2267 442 2301 chmtm
465 2277 658 2302 summum.
705 2269 739 2302 A
761 2269 887 2302 nostris
909 2279 988 2301 cum
1011 2269 1214 2302 Sarracenis
1236 2269 1366 2302 bellum
1390 2269 1582 2303 conficitur.

170 2345 185 2362 „
268 2321 443 2355 Dnemuu
466 2331 652 2355 ocTAvtm.
699 2322 846 2366 Propter
868 2323 1018 2356 vicinam
1042 2322 1190 2355 hiemem
1213 2323 1393 2366 expeditio
1416 2323 1570 2363 solvitur,
1594 2329 1631 2357 et
1651 2322 1836 2357 Christiani
1851 2322 1964 2366 Tray—

469 2386 549 2408 nam
572 2376 712 2409 dedunt.

268 2428 442 2462 chmmu
463 2437 601 2462 nomm.
646 2429 773 2463 Comes
795 2430 973 2474 Rogerius
994 2439 1137 2463 uxorem
1160 2430 1268 2463 ducit.

268 2482 487 2516 Vrezsmtm.
532 2482 668 2522 Comes,
690 2483 819 2526 nuptiis
841 2483 1033 2522 celebratis,
1055 2483 1093 2516 in
1118 2483 1274 2517 Siciliam
1298 2484 1405 2517 vadit.

266 2534 474 2568 Vrcsssmtm
497 2546 652 2569 mumm-
698 2537 824 2570 Comes
846 2548 868 2570 a
890 2537 981 2570 duce
1004 2538 1092 2570 irato
1115 2537 1230 2570 animo
1253 2538 1399 2571 recedit.

267 2588 476 2622 mensurum
497 2598 698 2623 sueonum«.
744 2589 912 2623 Betumen
938 2591 974 2622 in
998 2590 1118 2624 Sicilia
1140 2590 1326 2624 occiditur.

267 2641 477 2675 Vrcasmuu
500 2651 677 2676 manum.
723 2644 802 2676 Dux
824 2644 966 2676 fratrem
990 2644 1152 2677 comitem
1175 2645 1268 2687 apud
1291 2644 1450 2678 Miletum
1474 2644 1649 2678 obsessum
1672 2643 1779 2676 vadit.

170 1864 186 1881 8
171 1810 186 1828 8
170 1757 185 1774 ³
169 1703 184 1720 8
171 1651 186 1666 8
175 1598 190 1615 3
174 1545 189 1561 ³
172 1490 186 1506 8
174 1438 189 1455 u
172 1384 187 1401 8

171 2452 189 2683 ³³:¹³³

209 2775 230 2793 ι.
249 2767 438 2799 Summanum
450 2787 455 2794 .
467 2787 473 2794 .
485 2787 491 2794 .
502 2785 510 2794 .
531 2769 716 2795 continentur
727 2770 742 2794 ἐ
754 2771 784 2795 tn
796 2771 822 2795 B
834 2778 847 2795 e
859 2771 889 2795 in
903 2771 927 2796 C
938 2769 994 2803 (che
1005 2771 1150 2796 sommia-e
1162 2770 1298 2805 Capitula
1311 2779 1327 2796 α
1340 2770 1529 2796 Summarium
1543 2769 1689 2803 capitum).
1726 2770 1755 2794 D
1767 2768 1802 2792 Im
1814 2768 1963 2801 Incipiunt

117 2810 245 2844 capitula
263 2809 344 2835 Libri
369 2811 493 2836 secundi.
533 2811 579 2836 cm
596 2811 654 2836 vale
672 2811 754 2837 anche
768 2813 874 2845 pergu
882 2813 952 2838 altri
962 2813 1014 2837 due
1026 2813 1104 2838 Libri
1114 2828 1146 2832 —
1162 2821 1185 2846 5.
1200 2813 1375 2838 admiraldus
1392 2813 1427 2844 σς
1440 2813 1595 2837 amn-aldus
1607 2812 1672 2837 BD
1685 2825 1693 2829 -
1708 2812 1742 2836 ad
1756 2810 1896 2843 Rhegium
1911 2810 1965 2835 Co-

119 2853 217 2878 mitem
242 2852 268 2878 P
289 2867 322 2871 —
341 2853 366 2879 6.
385 2853 550 2879 Betumenls
568 2854 596 2879 P
611 2854 663 2886 qul
677 2862 691 2878 e
708 2858 809 2887 nempre
830 2869 859 2874 -
881 2855 905 2880 8.
925 2855 1053 2881 obtinuit
1072 2856 1098 2880 P
1113 2870 1145 2874 —
1165 2864 1190 2889 9.
1210 2856 1253 2881 Ex
1270 2857 1374 2890 praeda
1394 2857 1514 2890 paganis
1532 2856 1560 2880 D
1573 2868 1583 2873 -
1598 2856 1627 2879 ln
1642 2853 1809 2878 sacrificium
1823 2860 1872 2878 om.
1891 2853 1918 2877 B
1931 2866 1962 2870 -

39 2917 45 2930 ,J
121 2901 160 2920 xo.
175 2896 205 2920 ln
219 2893 341 2920 Pharum
353 2895 380 2919 Ρ
395 2909 428 2914 -
451 2902 491 2921 11.
511 2896 568 2922 sibl
586 2903 635 2921 om.
654 2896 718 2922 BD
734 2910 767 2915 ——
790 2903 829 2922 η,
849 2898 927 2930 capit
946 2898 972 2922 P
986 2912 1019 2916 —
1042 2905 1081 2931 13.
1101 2898 1254 2923 Saracenas
1275 2899 1300 2923 B
1311 2900 1339 2923 D
1361 2899 1411 2930 qut·
1428 2906 1442 2921 e
1460 2898 1539 2928 quast
1549 2899 1650 2928 sempr-⁹
1661 2908 1673 2915 -
1688 2896 1841 2928 fugientem
1855 2896 1884 2919 et
1897 2894 1960 2920 defi-

42 2951 44 2954 ·
59 2968 61 2970 Ι
118 2937 240 2963 cientem
257 2937 351 2962 PBD
370 2952 402 2956 —-
422 2945 463 2970 14.
483 2945 511 2963 se
531 2938 643 2964 clausos
661 2939 726 2964 BD
744 2952 753 2957 -
772 2941 801 2964 et
819 2947 866 2965 om.
887 2940 913 2964 Ρ
926 2953 959 2959 —·
982 2939 1021 2966 16.
1041 2939 1200 2966 Ramettam
1220 2942 1248 2965 P
1262 2943 1363 2972 sempre
1384 2954 1415 2958 -—
1432 2947 1471 2972 ¹9-
1486 2938 1669 2964 Centurbiam
1682 2938 1750 2962 P—
1765 2944 1808 2963 20.
1820 2937 1962 2962 flumlnem

119 2978 185 3004 BD
195 2991 207 2998 ·
221 2978 381 3005 Huddetnln
405 2979 441 3011 σς
457 2987 507 3005 om.
520 2979 595 3011 803
607 2987 728 3005 emeno
739 2982 791 3013 qut
801 2981 828 3006 la
840 2981 937 3006 lecim
949 2976 1019 3007 at'P
1030 2995 1061 3000 —
1076 2988 1117 3007 22.
1131 2982 1272 3016 praelium
1286 2983 1406 3007 efficitur
1418 2982 1444 3005 P
1455 2994 1486 2999 -
1503 2986 1591 3013 ²3·²4·
1605 2981 1632 3004 et
1646 2979 1807 3004 Chi-Isthmi
1820 2978 1963 3014 Traynam

120 3020 227 3049 dedunt
244 3028 292 3046 on.
311 3021 370 3047 PC
386 3035 418 3041 —
439 3027 480 3054 ις.
499 3022 588 3052 ducit,
607 3022 729 3048 Iudltam
749 3023 895 3056 (Irldetam
914 3023 953 3056 D)
973 3025 1089 3050 nomine
1105 3025 1132 3049 B
1152 3039 1182 3043 —
1204 3024 1245 3050 26.
1266 3024 1367 3050 Comes
1386 3031 1453 3056 ergo
1474 3024 1500 3047 P
1518 3036 1549 3040 —
1570 3029 1612 3054 ²9-
1632 3021 1761 3047 obsidere
1780 3021 1807 3045 B
