<?xml version="1.0" encoding="UTF-8"?>
<!DOCTYPE html PUBLIC "-//W3C//DTD XHTML 1.0 Transitional//EN"
    "http://www.w3.org/TR/xhtml1/DTD/xhtml1-transitional.dtd">
<html xmlns="http://www.w3.org/1999/xhtml" xml:lang="en" lang="en">
 <head>
  <title>
</title>
<meta http-equiv="Content-Type" content="text/html;charset=utf-8" />
  <meta name='ocr-system' content='tesseract 3.04.00' />
  <meta name='ocr-capabilities' content='ocr_page ocr_carea ocr_par ocr_line ocrx_word'/>
</head>
<body>
  <div class='ocr_page' id='page_1' title='image "./rerumitalicarums51murauoft_0134.png"; bbox 0 0 2314 3418; ppageno 0'>
   <div class='ocr_carea' id='block_1_1' title="bbox 205 1811 313 1835">
    <p class='ocr_par' dir='ltr' id='par_1_1' title="bbox 205 1811 313 1835">
     <span class='ocr_line' id='line_1_1' title="bbox 205 1811 313 1835; baseline 0 -5"><span class='ocrx_word' id='word_1_1' title='bbox 205 1811 235 1835; x_wconf 88' lang='lat' dir='ltr'><strong>D,</strong></span> <span class='ocrx_word' id='word_1_2' title='bbox 250 1816 291 1834; x_wconf 80' lang='lat'><strong>1⁰9</strong></span> <span class='ocrx_word' id='word_1_3' title='bbox 299 1817 313 1830; x_wconf 80' lang='lat' dir='ltr'><strong>r</strong></span> 
     </span>
    </p>
   </div>
   <div class='ocr_carea' id='block_1_2' title="bbox 210 1864 300 1889">
    <p class='ocr_par' dir='ltr' id='par_1_2' title="bbox 210 1864 300 1889">
     <span class='ocr_line' id='line_1_2' title="bbox 210 1864 300 1889; baseline 0 -6"><span class='ocrx_word' id='word_1_4' title='bbox 210 1864 238 1888; x_wconf 82' lang='lat' dir='ltr'><strong>B,</strong></span> <span class='ocrx_word' id='word_1_5' title='bbox 255 1869 300 1889; x_wconf 70' lang='lat'><strong>¹⁴¹¹</strong></span> 
     </span>
    </p>
   </div>
   <div class='ocr_carea' id='block_1_3' title="bbox 212 1970 298 1995">
    <p class='ocr_par' dir='ltr' id='par_1_3' title="bbox 212 1970 298 1995">
     <span class='ocr_line' id='line_1_3' title="bbox 212 1970 298 1995; baseline 0 -5"><span class='ocrx_word' id='word_1_6' title='bbox 212 1970 235 1995; x_wconf 85' lang='lat' dir='ltr'><strong>C,</strong></span> <span class='ocrx_word' id='word_1_7' title='bbox 251 1976 298 1990; x_wconf 76' lang='grc' dir='ltr'><strong>ην</strong></span> 
     </span>
    </p>
   </div>
   <div class='ocr_carea' id='block_1_4' title="bbox 385 241 2231 284">
    <p class='ocr_par' dir='ltr' id='par_1_4' title="bbox 385 241 2231 284">
     <span class='ocr_line' id='line_1_4' title="bbox 385 241 2231 284; baseline -0.003 -3"><span class='ocrx_word' id='word_1_8' title='bbox 385 247 432 281; x_wconf 78' lang='grc'><strong>46</strong></span> <span class='ocrx_word' id='word_1_9' title='bbox 967 241 1239 278; x_wconf 89' lang='lat' dir='ltr'>GAUFREDI</span> <span class='ocrx_word' id='word_1_10' title='bbox 1260 241 1645 278; x_wconf 66' lang='lat' dir='ltr'><strong>vMALATERRAE</strong></span> <span class='ocrx_word' id='word_1_11' title='bbox 2065 247 2116 282; x_wconf 87' lang='lat' dir='ltr'><strong>[A.</strong></span> <span class='ocrx_word' id='word_1_12' title='bbox 2139 247 2231 284; x_wconf 79' lang='lat'><strong>106⁴]</strong></span> 
     </span>
    </p>
   </div>
   <div class='ocr_carea' id='block_1_5' title="bbox 373 363 2314 1583">
    <p class='ocr_par' dir='ltr' id='par_1_5' title="bbox 377 363 2314 943">
     <span class='ocr_line' id='line_1_5' title="bbox 379 363 2229 411; baseline -0.001 -11"><span class='ocrx_word' id='word_1_13' title='bbox 379 373 588 411; x_wconf 89' lang='lat' dir='ltr'><strong>gnoscentes</strong></span> <span class='ocrx_word' id='word_1_14' title='bbox 611 377 673 408; x_wconf 90' lang='lat' dir='ltr'><strong>per</strong></span> <span class='ocrx_word' id='word_1_15' title='bbox 697 366 835 398; x_wconf 85' lang='lat' dir='ltr'><strong>nuntios</strong></span> <span class='ocrx_word' id='word_1_16' title='bbox 857 365 905 397; x_wconf 88' lang='lat' dir='ltr'><strong>ita</strong></span> <span class='ocrx_word' id='word_1_17' title='bbox 928 375 987 397; x_wconf 91' lang='lat' dir='ltr'><strong>eos</strong></span> <span class='ocrx_word' id='word_1_18' title='bbox 1010 364 1215 406; x_wconf 89' lang='lat' dir='ltr'><strong>praedatum</strong></span> <span class='ocrx_word' id='word_1_19' title='bbox 1239 364 1305 395; x_wconf 86' lang='lat' dir='ltr'><strong>isse</strong></span> <span class='ocrx_word' id='word_1_20' title='bbox 1330 374 1407 396; x_wconf 91' lang='lat' dir='ltr'><strong>cum</strong></span> <span class='ocrx_word' id='word_1_21' title='bbox 1439 363 1599 396; x_wconf 86' lang='lat' dir='ltr'><strong>ducentis</strong></span> <span class='ocrx_word' id='word_1_22' title='bbox 1624 364 1743 397; x_wconf 89' lang='lat' dir='ltr'><strong>electis</strong></span> <span class='ocrx_word' id='word_1_23' title='bbox 1765 364 1943 405; x_wconf 78' lang='lat' dir='ltr'><strong>militibus,</strong></span> <span class='ocrx_word' id='word_1_24' title='bbox 1977 365 2043 404; x_wconf 90' lang='lat' dir='ltr'><strong>via,</strong></span> <span class='ocrx_word' id='word_1_25' title='bbox 2076 376 2144 409; x_wconf 89' lang='lat' dir='ltr'><strong>qua</strong></span> <span class='ocrx_word' id='word_1_26' title='bbox 2174 375 2229 399; x_wconf 89' lang='lat' dir='ltr'><strong>re-</strong></span> 
     </span>
     <span class='ocr_line' id='line_1_6' title="bbox 383 416 2227 464; baseline -0.001 -11"><span class='ocrx_word' id='word_1_27' title='bbox 383 421 457 453; x_wconf 90' lang='lat' dir='ltr'><strong>dire</strong></span> <span class='ocrx_word' id='word_1_28' title='bbox 481 419 665 457; x_wconf 87' lang='lat' dir='ltr'><strong>habebant,</strong></span> <span class='ocrx_word' id='word_1_29' title='bbox 692 418 897 450; x_wconf 82' lang='lat' dir='ltr'>insidiantes</span> <span class='ocrx_word' id='word_1_30' title='bbox 928 417 1157 450; x_wconf 78' lang='lat' dir='ltr'><strong>occultantur.</strong></span> <span class='ocrx_word' id='word_1_31' title='bbox 1205 416 1322 450; x_wconf 79' lang='lat' dir='ltr'><strong>Nostri</strong></span> <span class='ocrx_word' id='word_1_32' title='bbox 1354 422 1477 454; x_wconf 89' lang='lat' dir='ltr'><strong>autem,</strong></span> <span class='ocrx_word' id='word_1_33' title='bbox 1509 416 1568 460; x_wconf 91' lang='lat' dir='ltr'><strong>qui</strong></span> <span class='ocrx_word' id='word_1_34' title='bbox 1598 417 1866 460; x_wconf 85' lang='lat' dir='ltr'><strong>praecedebant,</strong></span> <span class='ocrx_word' id='word_1_35' title='bbox 1898 419 1943 452; x_wconf 91' lang='lat' dir='ltr'><strong>ad</strong></span> <span class='ocrx_word' id='word_1_36' title='bbox 1975 419 2089 452; x_wconf 88' lang='lat' dir='ltr'><strong>locum</strong></span> <span class='ocrx_word' id='word_1_37' title='bbox 2119 429 2227 464; x_wconf 90' lang='lat' dir='ltr'><strong>usque</strong></span> 
     </span>
     <span class='ocr_line' id='line_1_7' title="bbox 378 469 2228 516; baseline 0 -10"><span class='ocrx_word' id='word_1_38' title='bbox 378 474 630 516; x_wconf 87' lang='lat' dir='ltr'><strong>pervenientes,</strong></span> <span class='ocrx_word' id='word_1_39' title='bbox 653 472 721 503; x_wconf 89' lang='lat' dir='ltr'><strong>illis</strong></span> <span class='ocrx_word' id='word_1_40' title='bbox 745 482 789 503; x_wconf 89' lang='lat' dir='ltr'><strong>ex</strong></span> <span class='ocrx_word' id='word_1_41' title='bbox 812 470 1003 513; x_wconf 89' lang='lat' dir='ltr'><strong>improviso</strong></span> <span class='ocrx_word' id='word_1_42' title='bbox 1027 469 1304 513; x_wconf 81' lang='lat' dir='ltr'><strong>exsurgentibus,</strong></span> <span class='ocrx_word' id='word_1_43' title='bbox 1327 469 1437 502; x_wconf 88' lang='lat' dir='ltr'><strong>virilis</strong></span> <span class='ocrx_word' id='word_1_44' title='bbox 1466 470 1648 510; x_wconf 82' lang='lat' dir='ltr'><strong>audaciae,</strong></span> <span class='ocrx_word' id='word_1_45' title='bbox 1671 481 1740 514; x_wconf 87' lang='lat' dir='ltr'><strong>qua</strong></span> <span class='ocrx_word' id='word_1_46' title='bbox 1769 471 1939 505; x_wconf 88' lang='lat' dir='ltr'><strong>hactenus</strong></span> <span class='ocrx_word' id='word_1_47' title='bbox 1963 473 2088 505; x_wconf 80' lang='lat' dir='ltr'><strong>assueti</strong></span> <span class='ocrx_word' id='word_1_48' title='bbox 2118 479 2228 512; x_wconf 85' lang='lat' dir='ltr'><strong>erant,</strong></span> 
     </span>
     <span class='ocr_line' id='line_1_8' title="bbox 378 523 2226 569; baseline 0.001 -11"><span class='ocrx_word' id='word_1_49' title='bbox 378 527 487 568; x_wconf 86' lang='lat' dir='ltr'><strong>obliti,</strong></span> <span class='ocrx_word' id='word_1_50' title='bbox 513 526 686 557; x_wconf 84' lang='lat' dir='ltr'><strong>enerviter</strong></span> <span class='ocrx_word' id='word_1_51' title='bbox 709 530 863 567; x_wconf 85' lang='lat' dir='ltr'><strong>agentes,</strong></span> <span class='ocrx_word' id='word_1_52' title='bbox 888 535 967 556; x_wconf 89' lang='lat' dir='ltr'><strong>cum</strong></span> <span class='ocrx_word' id='word_1_53' title='bbox 991 524 1087 567; x_wconf 81' lang='lat' dir='ltr'><strong>fuga,</strong></span> <span class='ocrx_word' id='word_1_54' title='bbox 1112 523 1225 566; x_wconf 88' lang='lat' dir='ltr'><strong>potius</strong></span> <span class='ocrx_word' id='word_1_55' title='bbox 1248 533 1352 566; x_wconf 90' lang='lat' dir='ltr'><strong>quam</strong></span> <span class='ocrx_word' id='word_1_56' title='bbox 1376 523 1489 562; x_wconf 90' lang='lat' dir='ltr'><strong>armis,</strong></span> <span class='ocrx_word' id='word_1_57' title='bbox 1514 524 1633 556; x_wconf 88' lang='lat' dir='ltr'><strong>mortis</strong></span> <span class='ocrx_word' id='word_1_58' title='bbox 1655 523 1845 566; x_wconf 87' lang='lat' dir='ltr'><strong>periculum</strong></span> <span class='ocrx_word' id='word_1_59' title='bbox 1869 525 2047 559; x_wconf 88' lang='lat' dir='ltr'><strong>declinare</strong></span> <span class='ocrx_word' id='word_1_60' title='bbox 2071 526 2226 569; x_wconf 89' lang='lat' dir='ltr'><strong>cupiunt.</strong></span> 
     </span>
     <span class='ocr_line' id='line_1_9' title="bbox 380 576 2293 623; baseline 0.001 -11"><span class='ocrx_word' id='word_1_61' title='bbox 380 581 535 612; x_wconf 89' lang='lat' dir='ltr'><strong>Montem</strong></span> <span class='ocrx_word' id='word_1_62' title='bbox 560 579 743 622; x_wconf 86' lang='lat' dir='ltr'><strong>quendam,</strong></span> <span class='ocrx_word' id='word_1_63' title='bbox 766 589 867 621; x_wconf 88' lang='lat' dir='ltr'><strong>quern</strong></span> <span class='ocrx_word' id='word_1_64' title='bbox 892 588 935 609; x_wconf 92' lang='lat' dir='ltr'><strong>ex</strong></span> <span class='ocrx_word' id='word_1_65' title='bbox 959 577 1051 609; x_wconf 88' lang='lat' dir='ltr'><strong>omni</strong></span> <span class='ocrx_word' id='word_1_66' title='bbox 1074 583 1173 619; x_wconf 90' lang='lat' dir='ltr'><strong>parte</strong></span> <span class='ocrx_word' id='word_1_67' title='bbox 1196 576 1438 620; x_wconf 76' lang='lat' dir='ltr'><strong>praecipitium</strong></span> <span class='ocrx_word' id='word_1_68' title='bbox 1462 577 1636 620; x_wconf 89' lang='lat' dir='ltr'><strong>cingebat,</strong></span> <span class='ocrx_word' id='word_1_69' title='bbox 1659 578 1733 610; x_wconf 86' lang='lat' dir='ltr'><strong>solo</strong></span> <span class='ocrx_word' id='word_1_70' title='bbox 1748 584 1784 611; x_wconf 89' lang='lat' dir='ltr'><strong>et</strong></span> <span class='ocrx_word' id='word_1_71' title='bbox 1798 584 1872 612; x_wconf 85' lang='lat' dir='ltr'><strong>arto</strong></span> <span class='ocrx_word' id='word_1_72' title='bbox 1887 579 1983 612; x_wconf 90' lang='lat' dir='ltr'><strong>aditu</strong></span> <span class='ocrx_word' id='word_1_73' title='bbox 1997 586 2147 623; x_wconf 91' lang='lat' dir='ltr'><strong>patente,</strong></span> <span class='ocrx_word' id='word_1_74' title='bbox 2163 590 2227 623; x_wconf 91' lang='lat' dir='ltr'><strong>pro</strong></span> <span class='ocrx_word' id='word_1_75' title='bbox 2275 581 2293 613; x_wconf 90' lang='grc'><strong>5</strong></span> 
     </span>
     <span class='ocr_line' id='line_1_10' title="bbox 379 630 2228 677; baseline 0.001 -12"><span class='ocrx_word' id='word_1_76' title='bbox 379 634 505 666; x_wconf 87' lang='lat' dir='ltr'><strong>auxilio</strong></span> <span class='ocrx_word' id='word_1_77' title='bbox 522 637 735 674; x_wconf 87' lang='lat' dir='ltr'><strong>expetentes,</strong></span> <span class='ocrx_word' id='word_1_78' title='bbox 751 631 953 664; x_wconf 90' lang='lat' dir='ltr'><strong>ascendunt.</strong></span> <span class='ocrx_word' id='word_1_79' title='bbox 978 630 1103 663; x_wconf 83' lang='lat' dir='ltr'><strong>Hostes</strong></span> <span class='ocrx_word' id='word_1_80' title='bbox 1118 640 1212 669; x_wconf 92' lang='lat' dir='ltr'><strong>vero,</strong></span> <span class='ocrx_word' id='word_1_81' title='bbox 1229 635 1329 672; x_wconf 88' lang='lat' dir='ltr'><strong>parte</strong></span> <span class='ocrx_word' id='word_1_82' title='bbox 1345 630 1564 673; x_wconf 90' lang='lat' dir='ltr'><strong>armigerum,</strong></span> <span class='ocrx_word' id='word_1_83' title='bbox 1580 631 1639 674; x_wconf 93' lang='lat' dir='ltr'><strong>qui</strong></span> <span class='ocrx_word' id='word_1_84' title='bbox 1654 631 1820 673; x_wconf 82' lang='lat' dir='ltr'><strong>praedam</strong></span> <span class='ocrx_word' id='word_1_85' title='bbox 1836 632 2021 671; x_wconf 83' lang='lat' dir='ltr'><strong>minabant,</strong></span> <span class='ocrx_word' id='word_1_86' title='bbox 2036 639 2228 677; x_wconf 86' lang='lat' dir='ltr'><strong>perempta,</strong></span> 
     </span>
     <span class='ocr_line' id='line_1_11' title="bbox 378 683 2227 729; baseline 0.001 -11"><span class='ocrx_word' id='word_1_87' title='bbox 378 688 486 729; x_wconf 86' lang='lat' dir='ltr'><strong>ipsam</strong></span> <span class='ocrx_word' id='word_1_88' title='bbox 510 686 612 718; x_wconf 88' lang='lat' dir='ltr'><strong>etiam</strong></span> <span class='ocrx_word' id='word_1_89' title='bbox 636 685 800 727; x_wconf 83' lang='lat' dir='ltr'><strong>praedam</strong></span> <span class='ocrx_word' id='word_1_90' title='bbox 824 683 1013 716; x_wconf 84' lang='lat' dir='ltr'><strong>excutiunt.</strong></span> <span class='ocrx_word' id='word_1_91' title='bbox 1060 684 1186 716; x_wconf 92' lang='lat' dir='ltr'><strong>Comes</strong></span> <span class='ocrx_word' id='word_1_92' title='bbox 1210 689 1335 722; x_wconf 90' lang='lat' dir='ltr'><strong>autem,</strong></span> <span class='ocrx_word' id='word_1_93' title='bbox 1367 683 1425 726; x_wconf 92' lang='lat' dir='ltr'><strong>qui</strong></span> <span class='ocrx_word' id='word_1_94' title='bbox 1455 683 1740 726; x_wconf 87' lang='lat' dir='ltr'><strong>subsequebatur,</strong></span> <span class='ocrx_word' id='word_1_95' title='bbox 1763 685 1944 718; x_wconf 88' lang='lat' dir='ltr'><strong>tumultum</strong></span> <span class='ocrx_word' id='word_1_96' title='bbox 1968 686 2123 727; x_wconf 88' lang='lat' dir='ltr'><strong>audiens,</strong></span> <span class='ocrx_word' id='word_1_97' title='bbox 2146 687 2227 719; x_wconf 91' lang='lat' dir='ltr'><strong>dum</strong></span> 
     </span>
     <span class='ocr_line' id='line_1_12' title="bbox 379 737 2226 782; baseline 0.001 -10"><span class='ocrx_word' id='word_1_98' title='bbox 379 740 477 772; x_wconf 89' lang='lat' dir='ltr'><strong>citius</strong></span> <span class='ocrx_word' id='word_1_99' title='bbox 500 739 651 778; x_wconf 86' lang='lat' dir='ltr'><strong>advolat,</strong></span> <span class='ocrx_word' id='word_1_100' title='bbox 675 749 763 782; x_wconf 91' lang='lat' dir='ltr'><strong>quae</strong></span> <span class='ocrx_word' id='word_1_101' title='bbox 787 738 990 770; x_wconf 89' lang='lat' dir='ltr'><strong>acciderant</strong></span> <span class='ocrx_word' id='word_1_102' title='bbox 1013 747 1241 781; x_wconf 88' lang='lat' dir='ltr'><strong>cognoscens,</strong></span> <span class='ocrx_word' id='word_1_103' title='bbox 1264 737 1411 770; x_wconf 90' lang='lat' dir='ltr'><strong>maxima</strong></span> <span class='ocrx_word' id='word_1_104' title='bbox 1434 737 1671 781; x_wconf 85' lang='lat' dir='ltr'><strong>indignatione</strong></span> <span class='ocrx_word' id='word_1_105' title='bbox 1695 743 1730 770; x_wconf 91' lang='lat' dir='ltr'><strong>et</strong></span> <span class='ocrx_word' id='word_1_106' title='bbox 1752 738 1803 771; x_wconf 87' lang='lat' dir='ltr'><strong>ira</strong></span> <span class='ocrx_word' id='word_1_107' title='bbox 1818 738 1980 781; x_wconf 88' lang='lat' dir='ltr'><strong>repletus,</strong></span> <span class='ocrx_word' id='word_1_108' title='bbox 1994 745 2033 773; x_wconf 92' lang='lat' dir='ltr'><strong>ut</strong></span> <span class='ocrx_word' id='word_1_109' title='bbox 2047 750 2165 774; x_wconf 87' lang='lat' dir='ltr'><strong>secum</strong></span> <span class='ocrx_word' id='word_1_110' title='bbox 2182 741 2226 774; x_wconf 90' lang='lat' dir='ltr'><strong>de</strong></span> 
     </span>
     <span class='ocr_line' id='line_1_13' title="bbox 378 790 2224 834; baseline 0.002 -10"><span class='ocrx_word' id='word_1_111' title='bbox 378 793 531 826; x_wconf 83' lang='lat' dir='ltr'><strong>hostibus</strong></span> <span class='ocrx_word' id='word_1_112' title='bbox 552 793 718 825; x_wconf 87' lang='lat' dir='ltr'><strong>ultionem</strong></span> <span class='ocrx_word' id='word_1_113' title='bbox 743 798 916 834; x_wconf 85' lang='lat' dir='ltr'><strong>expetant,</strong></span> <span class='ocrx_word' id='word_1_114' title='bbox 940 802 1018 824; x_wconf 90' lang='lat' dir='ltr'><strong>suos</strong></span> <span class='ocrx_word' id='word_1_115' title='bbox 1033 791 1210 824; x_wconf 85' lang='lat' dir='ltr'><strong>immensis</strong></span> <span class='ocrx_word' id='word_1_116' title='bbox 1226 790 1435 823; x_wconf 89' lang='lat' dir='ltr'><strong>clamoribus</strong></span> <span class='ocrx_word' id='word_1_117' title='bbox 1451 801 1471 822; x_wconf 91' lang='lat' dir='ltr'><strong>a</strong></span> <span class='ocrx_word' id='word_1_118' title='bbox 1486 796 1615 831; x_wconf 90' lang='lat' dir='ltr'><strong>monte,</strong></span> <span class='ocrx_word' id='word_1_119' title='bbox 1632 801 1733 834; x_wconf 90' lang='lat' dir='ltr'><strong>quem</strong></span> <span class='ocrx_word' id='word_1_120' title='bbox 1750 791 2036 832; x_wconf 82' lang='lat' dir='ltr'><strong>conscenderant,</strong></span> <span class='ocrx_word' id='word_1_121' title='bbox 2052 793 2224 827; x_wconf 81' lang='lat' dir='ltr'><strong>incassum</strong></span> 
     </span>
     <span class='ocr_line' id='line_1_14' title="bbox 377 844 2314 888; baseline 0.001 -9"><span class='ocrx_word' id='word_1_122' title='bbox 377 857 542 879; x_wconf 88' lang='lat' dir='ltr'><strong>revocare</strong></span> <span class='ocrx_word' id='word_1_123' title='bbox 564 846 696 886; x_wconf 88' lang='lat' dir='ltr'><strong>nititur,</strong></span> <span class='ocrx_word' id='word_1_124' title='bbox 719 845 834 879; x_wconf 90' lang='lat' dir='ltr'><strong>donec</strong></span> <span class='ocrx_word' id='word_1_125' title='bbox 851 845 1010 888; x_wconf 89' lang='lat' dir='ltr'><strong>ipsemet,</strong></span> <span class='ocrx_word' id='word_1_126' title='bbox 1026 845 1205 878; x_wconf 92' lang='lat' dir='ltr'><strong>Turonem</strong></span> <span class='ocrx_word' id='word_1_127' title='bbox 1223 844 1415 878; x_wconf 89' lang='lat' dir='ltr'><strong>ascendens</strong></span> <span class='ocrx_word' id='word_1_128' title='bbox 1431 850 1466 877; x_wconf 87' lang='lat' dir='ltr'><strong>et</strong></span> <span class='ocrx_word' id='word_1_129' title='bbox 1481 855 1559 878; x_wconf 90' lang='lat' dir='ltr'><strong>suos</strong></span> <span class='ocrx_word' id='word_1_130' title='bbox 1576 855 1748 888; x_wconf 89' lang='lat' dir='ltr'><strong>quemque</strong></span> <span class='ocrx_word' id='word_1_131' title='bbox 1764 845 1902 878; x_wconf 90' lang='lat' dir='ltr'><strong>nomine</strong></span> <span class='ocrx_word' id='word_1_132' title='bbox 1917 855 2058 888; x_wconf 85' lang='lat' dir='ltr'><strong>vocans,</strong></span> <span class='ocrx_word' id='word_1_133' title='bbox 2074 857 2119 879; x_wconf 91' lang='lat' dir='ltr'><strong>ne</strong></span> <span class='ocrx_word' id='word_1_134' title='bbox 2134 857 2171 880; x_wconf 92' lang='lat' dir='ltr'><strong>se</strong></span> <span class='ocrx_word' id='word_1_135' title='bbox 2187 847 2226 880; x_wconf 91' lang='lat' dir='ltr'><strong>in</strong></span> <span class='ocrx_word' id='word_1_136' title='bbox 2253 848 2293 880; x_wconf 92' lang='grc'><strong>10</strong></span> <span class='ocrx_word' id='word_1_137' title='bbox 2310 844 2314 854; x_wconf 70' lang='lat'><strong>²</strong></span> 
     </span>
     <span class='ocr_line' id='line_1_15' title="bbox 377 897 2226 943; baseline -0.001 -10"><span class='ocrx_word' id='word_1_138' title='bbox 377 907 550 943; x_wconf 89' lang='lat' dir='ltr'><strong>posterum</strong></span> <span class='ocrx_word' id='word_1_139' title='bbox 574 899 680 932; x_wconf 79' lang='lat' dir='ltr'><strong>fuisse</strong></span> <span class='ocrx_word' id='word_1_140' title='bbox 704 905 921 938; x_wconf 84' lang='lat' dir='ltr'><strong>excusarent,</strong></span> <span class='ocrx_word' id='word_1_141' title='bbox 946 898 1072 931; x_wconf 89' lang='lat' dir='ltr'><strong>talibus</strong></span> <span class='ocrx_word' id='word_1_142' title='bbox 1088 897 1203 930; x_wconf 87' lang='lat' dir='ltr'><strong>verbis</strong></span> <span class='ocrx_word' id='word_1_143' title='bbox 1218 897 1348 941; x_wconf 85' lang='lat' dir='ltr'><strong>alloqui</strong></span> <span class='ocrx_word' id='word_1_144' title='bbox 1365 908 1549 941; x_wconf 83' lang='lat' dir='ltr'><strong>aggressus</strong></span> <span class='ocrx_word' id='word_1_145' title='bbox 1565 904 1636 931; x_wconf 87' lang='lat' dir='ltr'><strong>est:</strong></span> <span class='ocrx_word' id='word_1_146' title='bbox 1658 900 1673 916; x_wconf 84' lang='lat'>“</span> <span class='ocrx_word' id='word_1_147' title='bbox 1686 899 1739 931; x_wconf 89' lang='lat' dir='ltr'><strong>Ita</strong></span> <span class='ocrx_word' id='word_1_148' title='bbox 1753 909 1797 930; x_wconf 92' lang='lat' dir='ltr'><strong>ne</strong></span> <span class='ocrx_word' id='word_1_149' title='bbox 1816 917 1856 922; x_wconf 91' lang='lat'><strong>-—-</strong></span> <span class='ocrx_word' id='word_1_150' title='bbox 1872 898 1987 942; x_wconf 88' lang='lat' dir='ltr'><strong>inquit</strong></span> <span class='ocrx_word' id='word_1_151' title='bbox 2002 918 2055 938; x_wconf 94' lang='lat'><strong>—,</strong></span> <span class='ocrx_word' id='word_1_152' title='bbox 2072 909 2093 932; x_wconf 91' lang='grc' dir='ltr'><strong>ο</strong></span> <span class='ocrx_word' id='word_1_153' title='bbox 2109 900 2226 933; x_wconf 79' lang='lat' dir='ltr'><strong>fortis·</strong></span> 
     </span>
    </p>

    <p class='ocr_par' dir='ltr' id='par_1_6' title="bbox 382 950 2225 996">
     <span class='ocr_line' id='line_1_16' title="bbox 382 950 2225 996; baseline -0.001 -10"><span class='ocrx_word' id='word_1_154' title='bbox 382 956 396 971; x_wconf 85' lang='lat'>“</span> <span class='ocrx_word' id='word_1_155' title='bbox 409 954 495 992; x_wconf 89' lang='lat' dir='ltr'><strong>simi,</strong></span> <span class='ocrx_word' id='word_1_156' title='bbox 519 954 686 986; x_wconf 89' lang='lat' dir='ltr'><strong>hactenus</strong></span> <span class='ocrx_word' id='word_1_157' title='bbox 709 952 838 985; x_wconf 85' lang='lat' dir='ltr'><strong>viribus</strong></span> <span class='ocrx_word' id='word_1_158' title='bbox 862 951 1017 985; x_wconf 90' lang='lat' dir='ltr'><strong>exhausti</strong></span> <span class='ocrx_word' id='word_1_159' title='bbox 1042 951 1132 988; x_wconf 84' lang='lat' dir='ltr'><strong>estis,</strong></span> <span class='ocrx_word' id='word_1_160' title='bbox 1150 957 1198 989; x_wconf 91' lang='lat' dir='ltr'><strong>ut,</strong></span> <span class='ocrx_word' id='word_1_161' title='bbox 1215 950 1345 995; x_wconf 89' lang='lat' dir='ltr'><strong>absque</strong></span> <span class='ocrx_word' id='word_1_162' title='bbox 1362 951 1604 983; x_wconf 88' lang='lat' dir='ltr'><strong>recordatione</strong></span> <span class='ocrx_word' id='word_1_163' title='bbox 1620 951 1767 984; x_wconf 91' lang='lat' dir='ltr'><strong>alicuius</strong></span> <span class='ocrx_word' id='word_1_164' title='bbox 1781 951 1940 984; x_wconf 89' lang='lat' dir='ltr'><strong>militaris</strong></span> <span class='ocrx_word' id='word_1_165' title='bbox 1956 951 2077 991; x_wconf 88' lang='lat' dir='ltr'><strong>laudis,</strong></span> <span class='ocrx_word' id='word_1_166' title='bbox 2092 952 2126 984; x_wconf 88' lang='lat' dir='ltr'><strong>in</strong></span> <span class='ocrx_word' id='word_1_167' title='bbox 2142 962 2225 996; x_wconf 85' lang='lat' dir='ltr'><strong>pro-</strong></span> 
     </span>
    </p>

    <p class='ocr_par' dir='ltr' id='par_1_7' title="bbox 379 1004 2227 1050">
     <span class='ocr_line' id='line_1_17' title="bbox 379 1004 2227 1050; baseline 0 -11"><span class='ocrx_word' id='word_1_168' title='bbox 379 1007 393 1023; x_wconf 85' lang='lat'>“</span> <span class='ocrx_word' id='word_1_169' title='bbox 408 1006 553 1040; x_wconf 77' lang='lat' dir='ltr'><strong>fundum</strong></span> <span class='ocrx_word' id='word_1_170' title='bbox 569 1007 800 1050; x_wconf 88' lang='lat' dir='ltr'><strong>putribundae</strong></span> <span class='ocrx_word' id='word_1_171' title='bbox 817 1005 1023 1038; x_wconf 79' lang='lat' dir='ltr'><strong>defectionis</strong></span> <span class='ocrx_word' id='word_1_172' title='bbox 1039 1005 1218 1044; x_wconf 83' lang='lat' dir='ltr'><strong>submersi,</strong></span> <span class='ocrx_word' id='word_1_173' title='bbox 1234 1004 1379 1037; x_wconf 81' lang='lat' dir='ltr'><strong>ulterius</strong></span> <span class='ocrx_word' id='word_1_174' title='bbox 1395 1005 1564 1047; x_wconf 89' lang='lat' dir='ltr'><strong>respirare</strong></span> <span class='ocrx_word' id='word_1_175' title='bbox 1580 1005 1771 1048; x_wconf 87' lang='lat' dir='ltr'><strong>nequeatis.</strong></span> <span class='ocrx_word' id='word_1_176' title='bbox 1802 1005 2051 1039; x_wconf 80' lang='lat' dir='ltr'><strong>Recordamini</strong></span> <span class='ocrx_word' id='word_1_177' title='bbox 2067 1011 2227 1039; x_wconf 77' lang='lat' dir='ltr'><strong>anteces-</strong></span> 
     </span>
    </p>

    <p class='ocr_par' dir='ltr' id='par_1_8' title="bbox 379 1058 2314 1263">
     <span class='ocr_line' id='line_1_18' title="bbox 383 1058 2314 1103; baseline 0 -10"><span class='ocrx_word' id='word_1_178' title='bbox 383 1063 397 1079; x_wconf 87' lang='lat'>“</span> <span class='ocrx_word' id='word_1_179' title='bbox 411 1071 535 1099; x_wconf 87' lang='lat' dir='ltr'><strong>sorum,</strong></span> <span class='ocrx_word' id='word_1_180' title='bbox 551 1061 613 1093; x_wconf 90' lang='lat' dir='ltr'><strong>sed</strong></span> <span class='ocrx_word' id='word_1_181' title='bbox 627 1066 661 1093; x_wconf 92' lang='lat' dir='ltr'><strong>et</strong></span> <span class='ocrx_word' id='word_1_182' title='bbox 676 1060 789 1103; x_wconf 87' lang='lat' dir='ltr'><strong>gentis</strong></span> <span class='ocrx_word' id='word_1_183' title='bbox 803 1065 951 1099; x_wconf 89' lang='lat' dir='ltr'><strong>nostrae,</strong></span> <span class='ocrx_word' id='word_1_184' title='bbox 968 1064 1176 1100; x_wconf 84' lang='lat' dir='ltr'><strong>nostraeque</strong></span> <span class='ocrx_word' id='word_1_185' title='bbox 1193 1059 1361 1091; x_wconf 87' lang='lat' dir='ltr'><strong>hactenus</strong></span> <span class='ocrx_word' id='word_1_186' title='bbox 1376 1058 1516 1091; x_wconf 87' lang='lat' dir='ltr'><strong>habitae</strong></span> <span class='ocrx_word' id='word_1_187' title='bbox 1532 1058 1744 1092; x_wconf 87' lang='lat' dir='ltr'><strong>strenuitatis</strong></span> <span class='ocrx_word' id='word_1_188' title='bbox 1758 1059 2012 1102; x_wconf 88' lang='lat' dir='ltr'><strong>preconizatae,</strong></span> <span class='ocrx_word' id='word_1_189' title='bbox 2029 1059 2224 1093; x_wconf 81' lang='lat' dir='ltr'><strong>devitantes</strong></span> <span class='ocrx_word' id='word_1_190' title='bbox 2312 1090 2314 1093; x_wconf 86' lang='lat'><strong>.</strong></span> 
     </span>
     <span class='ocr_line' id='line_1_19' title="bbox 380 1110 2314 1157; baseline -0.001 -11"><span class='ocrx_word' id='word_1_191' title='bbox 380 1117 394 1132; x_wconf 78' lang='lat'><strong>⁴⁴</strong></span> <span class='ocrx_word' id='word_1_192' title='bbox 409 1121 507 1147; x_wconf 90' lang='lat' dir='ltr'><strong>notas</strong></span> <span class='ocrx_word' id='word_1_193' title='bbox 522 1114 628 1146; x_wconf 78' lang='lat' dir='ltr'><strong>futuri</strong></span> <span class='ocrx_word' id='word_1_194' title='bbox 644 1113 818 1156; x_wconf 90' lang='lat' dir='ltr'><strong>vituperii.</strong></span> <span class='ocrx_word' id='word_1_195' title='bbox 841 1112 1088 1146; x_wconf 88' lang='lat' dir='ltr'><strong>Recordamini</strong></span> <span class='ocrx_word' id='word_1_196' title='bbox 1105 1117 1190 1155; x_wconf 90' lang='lat' dir='ltr'><strong>quot</strong></span> <span class='ocrx_word' id='word_1_197' title='bbox 1205 1111 1315 1144; x_wconf 85' lang='lat' dir='ltr'><strong>millia</strong></span> <span class='ocrx_word' id='word_1_198' title='bbox 1330 1112 1479 1145; x_wconf 92' lang='lat' dir='ltr'><strong>hostium</strong></span> <span class='ocrx_word' id='word_1_199' title='bbox 1495 1113 1589 1154; x_wconf 91' lang='lat' dir='ltr'><strong>apud</strong></span> <span class='ocrx_word' id='word_1_200' title='bbox 1606 1111 1790 1145; x_wconf 90' lang='lat' dir='ltr'><strong>Ceramum</strong></span> <span class='ocrx_word' id='word_1_201' title='bbox 1805 1112 1999 1156; x_wconf 86' lang='lat' dir='ltr'><strong>pauciores,</strong></span> <span class='ocrx_word' id='word_1_202' title='bbox 2015 1123 2117 1157; x_wconf 83' lang='lat' dir='ltr'><strong>quam</strong></span> <span class='ocrx_word' id='word_1_203' title='bbox 2132 1122 2224 1146; x_wconf 88' lang='lat' dir='ltr'><strong>nunc</strong></span> <span class='ocrx_word' id='word_1_204' title='bbox 2253 1110 2291 1145; x_wconf 86' lang='lat'><strong>15</strong></span> <span class='ocrx_word' id='word_1_205' title='bbox 2311 1134 2314 1154; x_wconf 73' lang='lat'><em>3</em></span> 
     </span>
     <span class='ocr_line' id='line_1_20' title="bbox 383 1164 2314 1211; baseline 0 -11"><span class='ocrx_word' id='word_1_206' title='bbox 383 1170 397 1186; x_wconf 76' lang='lat'><strong>‘⁴</strong></span> <span class='ocrx_word' id='word_1_207' title='bbox 410 1168 641 1201; x_wconf 89' lang='lat' dir='ltr'><strong>debellatores</strong></span> <span class='ocrx_word' id='word_1_208' title='bbox 662 1167 880 1200; x_wconf 86' lang='lat' dir='ltr'><strong>exstinxistis.</strong></span> <span class='ocrx_word' id='word_1_209' title='bbox 925 1166 1080 1199; x_wconf 88' lang='lat' dir='ltr'><strong>Fortuna</strong></span> <span class='ocrx_word' id='word_1_210' title='bbox 1103 1172 1184 1198; x_wconf 90' lang='lat' dir='ltr'><strong>tunc</strong></span> <span class='ocrx_word' id='word_1_211' title='bbox 1206 1165 1307 1198; x_wconf 88' lang='lat' dir='ltr'><strong>vobis</strong></span> <span class='ocrx_word' id='word_1_212' title='bbox 1323 1166 1478 1198; x_wconf 88' lang='lat' dir='ltr'><strong>arridens</strong></span> <span class='ocrx_word' id='word_1_213' title='bbox 1494 1165 1538 1198; x_wconf 90' lang='lat' dir='ltr'><strong>ab</strong></span> <span class='ocrx_word' id='word_1_214' title='bbox 1554 1166 1689 1204; x_wconf 90' lang='lat' dir='ltr'><strong>eodem,</strong></span> <span class='ocrx_word' id='word_1_215' title='bbox 1705 1177 1774 1209; x_wconf 91' lang='lat' dir='ltr'><strong>quo</strong></span> <span class='ocrx_word' id='word_1_216' title='bbox 1790 1172 1826 1199; x_wconf 92' lang='lat' dir='ltr'><strong>et</strong></span> <span class='ocrx_word' id='word_1_217' title='bbox 1840 1177 1933 1199; x_wconf 89' lang='lat' dir='ltr'><strong>nunc</strong></span> <span class='ocrx_word' id='word_1_218' title='bbox 1949 1166 2066 1200; x_wconf 88' lang='lat' dir='ltr'><strong>adhuc</strong></span> <span class='ocrx_word' id='word_1_219' title='bbox 2080 1165 2225 1211; x_wconf 86' lang='lat' dir='ltr'><strong>regitur.</strong></span> <span class='ocrx_word' id='word_1_220' title='bbox 2312 1164 2314 1167; x_wconf 67' lang='grc'>’</span> 
     </span>
     <span class='ocr_line' id='line_1_21' title="bbox 379 1219 2136 1263; baseline 0 -10"><span class='ocrx_word' id='word_1_221' title='bbox 379 1222 394 1238; x_wconf 87' lang='lat'>“</span> <span class='ocrx_word' id='word_1_222' title='bbox 409 1221 588 1253; x_wconf 88' lang='lat' dir='ltr'><strong>Resumite</strong></span> <span class='ocrx_word' id='word_1_223' title='bbox 612 1220 770 1263; x_wconf 89' lang='lat' dir='ltr'><strong>pristinas</strong></span> <span class='ocrx_word' id='word_1_224' title='bbox 792 1220 904 1253; x_wconf 83' lang='lat' dir='ltr'><strong>vires:</strong></span> <span class='ocrx_word' id='word_1_225' title='bbox 925 1219 1073 1253; x_wconf 87' lang='lat' dir='ltr'><strong>victoria</strong></span> <span class='ocrx_word' id='word_1_226' title='bbox 1096 1225 1175 1262; x_wconf 92' lang='lat' dir='ltr'><strong>post</strong></span> <span class='ocrx_word' id='word_1_227' title='bbox 1199 1220 1317 1262; x_wconf 82' lang='lat' dir='ltr'><strong>fugam</strong></span> <span class='ocrx_word' id='word_1_228' title='bbox 1341 1219 1480 1252; x_wconf 71' lang='lat' dir='ltr'><strong>fortiter</strong></span> <span class='ocrx_word' id='word_1_229' title='bbox 1502 1219 1684 1263; x_wconf 85' lang='lat' dir='ltr'><strong>agentibus</strong></span> <span class='ocrx_word' id='word_1_230' title='bbox 1706 1220 1819 1252; x_wconf 86' lang='lat' dir='ltr'><strong>laudis</strong></span> <span class='ocrx_word' id='word_1_231' title='bbox 1841 1220 2018 1263; x_wconf 88' lang='lat' dir='ltr'><strong>reparatio</strong></span> <span class='ocrx_word' id='word_1_232' title='bbox 2040 1225 2136 1260; x_wconf 84' lang='lat' dir='ltr'><strong>est„.</strong></span> 
     </span>
    </p>

    <p class='ocr_par' dir='ltr' id='par_1_9' title="bbox 373 1272 2314 1583">
     <span class='ocr_line' id='line_1_22' title="bbox 462 1272 2222 1316; baseline -0.001 -9"><span class='ocrx_word' id='word_1_233' title='bbox 462 1275 559 1307; x_wconf 92' lang='lat' dir='ltr'><strong>Haec</strong></span> <span class='ocrx_word' id='word_1_234' title='bbox 583 1281 617 1306; x_wconf 92' lang='lat' dir='ltr'><strong>et</strong></span> <span class='ocrx_word' id='word_1_235' title='bbox 638 1274 704 1306; x_wconf 89' lang='lat' dir='ltr'><strong>alia</strong></span> <span class='ocrx_word' id='word_1_236' title='bbox 729 1274 964 1316; x_wconf 84' lang='lat' dir='ltr'><strong>exprobando,</strong></span> <span class='ocrx_word' id='word_1_237' title='bbox 988 1273 1089 1315; x_wconf 91' lang='lat' dir='ltr'><strong>plura</strong></span> <span class='ocrx_word' id='word_1_238' title='bbox 1111 1274 1258 1313; x_wconf 91' lang='lat' dir='ltr'><strong>locutus,</strong></span> <span class='ocrx_word' id='word_1_239' title='bbox 1281 1274 1339 1306; x_wconf 85' lang='lat' dir='ltr'><strong>vix</strong></span> <span class='ocrx_word' id='word_1_240' title='bbox 1362 1274 1412 1306; x_wconf 90' lang='lat' dir='ltr'><strong>eis</strong></span> <span class='ocrx_word' id='word_1_241' title='bbox 1441 1272 1740 1306; x_wconf 85' lang='lat' dir='ltr'><strong>exhortationibus</strong></span> <span class='ocrx_word' id='word_1_242' title='bbox 1762 1274 1939 1313; x_wconf 86' lang='lat' dir='ltr'><strong>recreatis,</strong></span> <span class='ocrx_word' id='word_1_243' title='bbox 1970 1273 2015 1306; x_wconf 89' lang='lat' dir='ltr'><strong>ad</strong></span> <span class='ocrx_word' id='word_1_244' title='bbox 2045 1279 2222 1307; x_wconf 72' lang='lat' dir='ltr'><strong>certamen</strong></span> 
     </span>
     <span class='ocr_line' id='line_1_23' title="bbox 373 1326 2224 1370; baseline -0.001 -9"><span class='ocrx_word' id='word_1_245' title='bbox 373 1339 572 1370; x_wconf 89' lang='lat' dir='ltr'><strong>properans,</strong></span> <span class='ocrx_word' id='word_1_246' title='bbox 596 1338 674 1360; x_wconf 91' lang='lat' dir='ltr'><strong>cum</strong></span> <span class='ocrx_word' id='word_1_247' title='bbox 698 1327 796 1360; x_wconf 89' lang='lat' dir='ltr'><strong>hoste</strong></span> <span class='ocrx_word' id='word_1_248' title='bbox 821 1327 1054 1370; x_wconf 86' lang='lat' dir='ltr'><strong>congreditur.</strong></span> <span class='ocrx_word' id='word_1_249' title='bbox 1102 1327 1251 1359; x_wconf 87' lang='lat' dir='ltr'><strong>Fortiter</strong></span> <span class='ocrx_word' id='word_1_250' title='bbox 1275 1327 1425 1370; x_wconf 88' lang='lat' dir='ltr'><strong>agendo,</strong></span> <span class='ocrx_word' id='word_1_251' title='bbox 1449 1337 1544 1370; x_wconf 87' lang='lat' dir='ltr'><strong>gens,</strong></span> <span class='ocrx_word' id='word_1_252' title='bbox 1566 1327 1643 1364; x_wconf 90' lang='lat' dir='ltr'><strong>Deo</strong></span> <span class='ocrx_word' id='word_1_253' title='bbox 1671 1326 1822 1366; x_wconf 88' lang='lat' dir='ltr'><strong>rebellis,</strong></span> <span class='ocrx_word' id='word_1_254' title='bbox 1854 1326 2062 1365; x_wconf 63' lang='lat' dir='ltr'><strong>debellatum</strong></span> <span class='ocrx_word' id='word_1_255' title='bbox 2092 1327 2224 1370; x_wconf 79' lang='lat' dir='ltr'><strong>praeda</strong></span> 
     </span>
     <span class='ocr_line' id='line_1_24' title="bbox 373 1380 2314 1425; baseline 0 -12"><span class='ocrx_word' id='word_1_256' title='bbox 373 1391 515 1414; x_wconf 89' lang='lat' dir='ltr'><strong>excussa</strong></span> <span class='ocrx_word' id='word_1_257' title='bbox 537 1386 771 1423; x_wconf 90' lang='lat' dir='ltr'><strong>recuperatur.</strong></span> <span class='ocrx_word' id='word_1_258' title='bbox 817 1380 947 1419; x_wconf 90' lang='lat' dir='ltr'><strong>Nostri,</strong></span> <span class='ocrx_word' id='word_1_259' title='bbox 971 1381 1120 1413; x_wconf 89' lang='lat' dir='ltr'><strong>victores</strong></span> <span class='ocrx_word' id='word_1_260' title='bbox 1145 1380 1278 1419; x_wconf 74' lang='lat' dir='ltr'><strong>effecti,</strong></span> <span class='ocrx_word' id='word_1_261' title='bbox 1301 1380 1566 1423; x_wconf 84' lang='lat' dir='ltr'><strong>triumphalibus</strong></span> <span class='ocrx_word' id='word_1_262' title='bbox 1589 1380 1708 1423; x_wconf 86' lang='lat' dir='ltr'><strong>spoliis</strong></span> <span class='ocrx_word' id='word_1_263' title='bbox 1731 1380 1894 1413; x_wconf 83' lang='lat' dir='ltr'><strong>ditantur.</strong></span> <span class='ocrx_word' id='word_1_264' title='bbox 1939 1380 2116 1425; x_wconf 85' lang='lat' dir='ltr'><strong>Traynam</strong></span> <span class='ocrx_word' id='word_1_265' title='bbox 2143 1389 2222 1413; x_wconf 87' lang='lat' dir='ltr'><strong>cum</strong></span> <span class='ocrx_word' id='word_1_266' title='bbox 2245 1381 2290 1412; x_wconf 91' lang='lat'><strong>20</strong></span> <span class='ocrx_word' id='word_1_267' title='bbox 2312 1410 2314 1413; x_wconf 27' lang='lat'><strong>⁴</strong></span> 
     </span>
     <span class='ocr_line' id='line_1_25' title="bbox 374 1432 2222 1478; baseline 0 -12"><span class='ocrx_word' id='word_1_268' title='bbox 374 1435 501 1478; x_wconf 87' lang='lat' dir='ltr'><strong>gaudio</strong></span> <span class='ocrx_word' id='word_1_269' title='bbox 525 1440 728 1472; x_wconf 86' lang='lat' dir='ltr'><strong>remeantes,</strong></span> <span class='ocrx_word' id='word_1_270' title='bbox 752 1440 900 1476; x_wconf 82' lang='lat' dir='ltr'><strong>excepta</strong></span> <span class='ocrx_word' id='word_1_271' title='bbox 924 1433 967 1466; x_wconf 90' lang='lat' dir='ltr'><strong>de</strong></span> <span class='ocrx_word' id='word_1_272' title='bbox 990 1434 1063 1466; x_wconf 88' lang='lat' dir='ltr'><strong>sola</strong></span> <span class='ocrx_word' id='word_1_273' title='bbox 1086 1440 1196 1466; x_wconf 90' lang='lat' dir='ltr'><strong>morte</strong></span> <span class='ocrx_word' id='word_1_274' title='bbox 1215 1433 1361 1466; x_wconf 89' lang='lat' dir='ltr'><strong>Galterii</strong></span> <span class='ocrx_word' id='word_1_275' title='bbox 1377 1434 1422 1465; x_wconf 93' lang='lat' dir='ltr'><strong>de</strong></span> <span class='ocrx_word' id='word_1_276' title='bbox 1439 1433 1583 1473; x_wconf 90' lang='lat' dir='ltr'><strong>Similia,</strong></span> <span class='ocrx_word' id='word_1_277' title='bbox 1607 1434 1677 1476; x_wconf 89' lang='lat' dir='ltr'><strong>qui,</strong></span> <span class='ocrx_word' id='word_1_278' title='bbox 1700 1433 1792 1466; x_wconf 90' lang='lat' dir='ltr'><strong>inter</strong></span> <span class='ocrx_word' id='word_1_279' title='bbox 1814 1444 1933 1466; x_wconf 89' lang='lat' dir='ltr'><strong>omnes</strong></span> <span class='ocrx_word' id='word_1_280' title='bbox 1955 1433 2097 1466; x_wconf 85' lang='lat' dir='ltr'><strong>militari</strong></span> <span class='ocrx_word' id='word_1_281' title='bbox 2118 1432 2222 1466; x_wconf 84' lang='lat' dir='ltr'><strong>laude</strong></span> 
     </span>
     <span class='ocr_line' id='line_1_26' title="bbox 374 1486 2223 1532; baseline 0 -12"><span class='ocrx_word' id='word_1_282' title='bbox 374 1488 507 1532; x_wconf 88' lang='lat' dir='ltr'><strong>dignus,</strong></span> <span class='ocrx_word' id='word_1_283' title='bbox 531 1487 566 1519; x_wconf 92' lang='lat' dir='ltr'><strong>in</strong></span> <span class='ocrx_word' id='word_1_284' title='bbox 590 1498 777 1531; x_wconf 87' lang='lat' dir='ltr'><strong>congressu</strong></span> <span class='ocrx_word' id='word_1_285' title='bbox 801 1488 939 1519; x_wconf 80' lang='lat' dir='ltr'><strong>fortiter</strong></span> <span class='ocrx_word' id='word_1_286' title='bbox 966 1487 1101 1530; x_wconf 87' lang='lat' dir='ltr'><strong>agendo</strong></span> <span class='ocrx_word' id='word_1_287' title='bbox 1132 1505 1175 1511; x_wconf 95' lang='lat'><strong>—-</strong></span> <span class='ocrx_word' id='word_1_288' title='bbox 1206 1487 1301 1530; x_wconf 91' lang='lat' dir='ltr'><strong>quod</strong></span> <span class='ocrx_word' id='word_1_289' title='bbox 1331 1486 1431 1520; x_wconf 90' lang='lat' dir='ltr'><strong>dolor</strong></span> <span class='ocrx_word' id='word_1_290' title='bbox 1462 1492 1513 1519; x_wconf 89' lang='lat' dir='ltr'><strong>est</strong></span> <span class='ocrx_word' id='word_1_291' title='bbox 1545 1486 1684 1519; x_wconf 90' lang='lat' dir='ltr'><strong>dicerel</strong></span> <span class='ocrx_word' id='word_1_292' title='bbox 1716 1504 1770 1526; x_wconf 91' lang='lat'><strong>—‚</strong></span> <span class='ocrx_word' id='word_1_293' title='bbox 1799 1486 1987 1531; x_wconf 82' lang='lat' dir='ltr'><strong>juventutis</strong></span> <span class='ocrx_word' id='word_1_294' title='bbox 2016 1486 2146 1526; x_wconf 88' lang='lat' dir='ltr'><strong>florem,</strong></span> <span class='ocrx_word' id='word_1_295' title='bbox 2177 1486 2223 1520; x_wconf 90' lang='lat' dir='ltr'><strong>ab</strong></span> 
     </span>
     <span class='ocr_line' id='line_1_27' title="bbox 374 1540 1407 1583; baseline 0.002 -12"><span class='ocrx_word' id='word_1_296' title='bbox 374 1541 530 1574; x_wconf 91' lang='lat' dir='ltr'><strong>hostibus</strong></span> <span class='ocrx_word' id='word_1_297' title='bbox 553 1541 743 1579; x_wconf 77' lang='lat' dir='ltr'><strong>confossus,</strong></span> <span class='ocrx_word' id='word_1_298' title='bbox 767 1541 939 1579; x_wconf 89' lang='lat' dir='ltr'><strong>amiserat,</strong></span> <span class='ocrx_word' id='word_1_299' title='bbox 963 1541 1148 1583; x_wconf 90' lang='lat' dir='ltr'><strong>plurimum</strong></span> <span class='ocrx_word' id='word_1_300' title='bbox 1171 1540 1407 1573; x_wconf 87' lang='lat' dir='ltr'><strong>tristabantur.</strong></span> 
     </span>
    </p>
   </div>
   <div class='ocr_carea' id='block_1_6' title="bbox 372 1637 2314 2110">
    <p class='ocr_par' dir='ltr' id='par_1_10' title="bbox 372 1637 2314 2110">
     <span class='ocr_line' id='line_1_28' title="bbox 462 1637 2221 1682; baseline 0 -11"><span class='ocrx_word' id='word_1_301' title='bbox 462 1639 633 1672; x_wconf 91' lang='lat' dir='ltr'><strong>XXXVI.</strong></span> <span class='ocrx_word' id='word_1_302' title='bbox 656 1657 698 1662; x_wconf 87' lang='lat'><strong>———</strong></span> <span class='ocrx_word' id='word_1_303' title='bbox 722 1639 800 1671; x_wconf 85' lang='lat' dir='ltr'><strong>Dux</strong></span> <span class='ocrx_word' id='word_1_304' title='bbox 822 1649 906 1682; x_wconf 89' lang='lat' dir='ltr'><strong>ergo</strong></span> <span class='ocrx_word' id='word_1_305' title='bbox 929 1638 1117 1681; x_wconf 81' lang='lat' dir='ltr'><strong>Robertus,</strong></span> <span class='ocrx_word' id='word_1_306' title='bbox 1143 1648 1220 1671; x_wconf 93' lang='lat' dir='ltr'><strong>cum</strong></span> <span class='ocrx_word' id='word_1_307' title='bbox 1237 1639 1274 1670; x_wconf 91' lang='lat' dir='ltr'><strong>in</strong></span> <span class='ocrx_word' id='word_1_308' title='bbox 1290 1638 1419 1681; x_wconf 88' lang='lat' dir='ltr'><strong>Apulia</strong></span> <span class='ocrx_word' id='word_1_309' title='bbox 1435 1644 1537 1677; x_wconf 89' lang='lat' dir='ltr'><strong>esset,</strong></span> <span class='ocrx_word' id='word_1_310' title='bbox 1551 1638 1668 1671; x_wconf 84' lang='lat' dir='ltr'><strong>sciens</strong></span> <span class='ocrx_word' id='word_1_311' title='bbox 1683 1639 1828 1672; x_wconf 78' lang='lat' dir='ltr'><strong>fratrem</strong></span> <span class='ocrx_word' id='word_1_312' title='bbox 1843 1649 1941 1672; x_wconf 90' lang='lat' dir='ltr'><strong>suum</strong></span> <span class='ocrx_word' id='word_1_313' title='bbox 1957 1638 2049 1681; x_wconf 89' lang='lat' dir='ltr'><strong>apud</strong></span> <span class='ocrx_word' id='word_1_314' title='bbox 2065 1637 2221 1672; x_wconf 84' lang='lat' dir='ltr'><strong>Siciliam</strong></span> 
     </span>
     <span class='ocr_line' id='line_1_29' title="bbox 374 1690 2284 1735; baseline -0.001 -10"><span class='ocrx_word' id='word_1_315' title='bbox 374 1693 557 1735; x_wconf 91' lang='lat' dir='ltr'><strong>multiplici</strong></span> <span class='ocrx_word' id='word_1_316' title='bbox 581 1692 779 1725; x_wconf 90' lang='lat' dir='ltr'><strong>incursione</strong></span> <span class='ocrx_word' id='word_1_317' title='bbox 803 1692 847 1725; x_wconf 91' lang='lat' dir='ltr'><strong>ab</strong></span> <span class='ocrx_word' id='word_1_318' title='bbox 869 1691 1024 1725; x_wconf 89' lang='lat' dir='ltr'><strong>hostibus</strong></span> <span class='ocrx_word' id='word_1_319' title='bbox 1039 1692 1204 1731; x_wconf 89' lang='lat' dir='ltr'><strong>lacessiri,</strong></span> <span class='ocrx_word' id='word_1_320' title='bbox 1221 1692 1368 1735; x_wconf 90' lang='lat' dir='ltr'><strong>plurimo</strong></span> <span class='ocrx_word' id='word_1_321' title='bbox 1386 1693 1540 1726; x_wconf 88' lang='lat' dir='ltr'><strong>exercitu</strong></span> <span class='ocrx_word' id='word_1_322' title='bbox 1557 1692 1600 1725; x_wconf 91' lang='lat' dir='ltr'><strong>ab</strong></span> <span class='ocrx_word' id='word_1_323' title='bbox 1616 1692 1746 1735; x_wconf 90' lang='lat' dir='ltr'><strong>Apulia</strong></span> <span class='ocrx_word' id='word_1_324' title='bbox 1762 1698 1796 1724; x_wconf 92' lang='lat' dir='ltr'><strong>et</strong></span> <span class='ocrx_word' id='word_1_325' title='bbox 1812 1692 1977 1725; x_wconf 85' lang='lat' dir='ltr'><strong>Calabria</strong></span> <span class='ocrx_word' id='word_1_326' title='bbox 1992 1697 2217 1735; x_wconf 77' lang='lat' dir='ltr'><strong>congregato,</strong></span> <span class='ocrx_word' id='word_1_327' title='bbox 2241 1690 2284 1724; x_wconf 89' lang='lat'><strong>25</strong></span> 
     </span>
     <span class='ocr_line' id='line_1_30' title="bbox 372 1737 2314 1789; baseline 0 -11"><span class='ocrx_word' id='word_1_328' title='bbox 372 1747 493 1780; x_wconf 90' lang='lat' dir='ltr'><strong>nolens</strong></span> <span class='ocrx_word' id='word_1_329' title='bbox 517 1757 638 1789; x_wconf 87' lang='lat' dir='ltr'><strong>expers</strong></span> <span class='ocrx_word' id='word_1_330' title='bbox 662 1757 737 1778; x_wconf 89' lang='lat' dir='ltr'><strong>esse</strong></span> <span class='ocrx_word' id='word_1_331' title='bbox 761 1752 932 1789; x_wconf 87' lang='lat' dir='ltr'><strong>quaestus,</strong></span> <span class='ocrx_word' id='word_1_332' title='bbox 956 1745 1084 1778; x_wconf 88' lang='lat' dir='ltr'><strong>laboris</strong></span> <span class='ocrx_word' id='word_1_333' title='bbox 1116 1747 1219 1778; x_wconf 84' lang='lat' dir='ltr'><strong>etiam</strong></span> <span class='ocrx_word' id='word_1_334' title='bbox 1250 1745 1425 1789; x_wconf 85' lang='lat' dir='ltr'><strong>particeps</strong></span> <span class='ocrx_word' id='word_1_335' title='bbox 1455 1746 1540 1786; x_wconf 90' lang='lat' dir='ltr'><strong>fieri,</strong></span> <span class='ocrx_word' id='word_1_336' title='bbox 1571 1756 1690 1778; x_wconf 88' lang='lat' dir='ltr'><strong>versus</strong></span> <span class='ocrx_word' id='word_1_337' title='bbox 1711 1744 1866 1778; x_wconf 88' lang='lat' dir='ltr'><strong>Siciliam</strong></span> <span class='ocrx_word' id='word_1_338' title='bbox 1889 1745 2049 1778; x_wconf 87' lang='lat' dir='ltr'><strong>intendit.</strong></span> <span class='ocrx_word' id='word_1_339' title='bbox 2095 1744 2222 1778; x_wconf 85' lang='lat' dir='ltr'><strong>Comes</strong></span> <span class='ocrx_word' id='word_1_340' title='bbox 2311 1737 2314 1740; x_wconf 41' lang='grc'><strong>“</strong></span> 
     </span>
     <span class='ocr_line' id='line_1_31' title="bbox 373 1797 2220 1843; baseline 0 -12"><span class='ocrx_word' id='word_1_341' title='bbox 373 1810 456 1832; x_wconf 89' lang='lat' dir='ltr'><strong>vero</strong></span> <span class='ocrx_word' id='word_1_342' title='bbox 479 1799 624 1832; x_wconf 76' lang='lat' dir='ltr'><strong>fratrem</strong></span> <span class='ocrx_word' id='word_1_343' title='bbox 649 1798 851 1832; x_wconf 90' lang='lat' dir='ltr'><strong>adventare&#39;</strong></span> <span class='ocrx_word' id='word_1_344' title='bbox 875 1799 1032 1838; x_wconf 88' lang='lat' dir='ltr'><strong>audiens,</strong></span> <span class='ocrx_word' id='word_1_345' title='bbox 1057 1809 1135 1832; x_wconf 92' lang='lat' dir='ltr'><strong>cum</strong></span> <span class='ocrx_word' id='word_1_346' title='bbox 1157 1799 1288 1843; x_wconf 89' lang='lat' dir='ltr'><strong>gaudio</strong></span> <span class='ocrx_word' id='word_1_347' title='bbox 1312 1809 1438 1843; x_wconf 88' lang='lat' dir='ltr'><strong>magno</strong></span> <span class='ocrx_word' id='word_1_348' title='bbox 1461 1799 1606 1832; x_wconf 78' lang='lat' dir='ltr'><strong>festinus</strong></span> <span class='ocrx_word' id='word_1_349' title='bbox 1628 1799 1679 1831; x_wconf 91' lang='lat' dir='ltr'><strong>illi</strong></span> <span class='ocrx_word' id='word_1_350' title='bbox 1695 1799 1788 1842; x_wconf 92' lang='lat' dir='ltr'><strong>apud</strong></span> <span class='ocrx_word' id='word_1_351' title='bbox 1803 1797 2016 1838; x_wconf 87' lang='lat' dir='ltr'><strong>Cusentium‚</strong></span> <span class='ocrx_word' id='word_1_352' title='bbox 2038 1797 2220 1831; x_wconf 78' lang='lat' dir='ltr'><strong>Calabriae</strong></span> 
     </span>
     <span class='ocr_line' id='line_1_32' title="bbox 375 1851 2314 1896; baseline -0.001 -11"><span class='ocrx_word' id='word_1_353' title='bbox 375 1852 521 1893; x_wconf 91' lang='lat' dir='ltr'><strong>urbem,&#39;</strong></span> <span class='ocrx_word' id='word_1_354' title='bbox 545 1853 706 1885; x_wconf 89' lang='lat' dir='ltr'><strong>occurrit.</strong></span> <span class='ocrx_word' id='word_1_355' title='bbox 753 1853 882 1896; x_wconf 90' lang='lat' dir='ltr'><strong>Sicque</strong></span> <span class='ocrx_word' id='word_1_356' title='bbox 905 1853 1181 1896; x_wconf 86' lang='lat' dir='ltr'><strong>progredientes,</strong></span> <span class='ocrx_word' id='word_1_357' title='bbox 1205 1863 1297 1885; x_wconf 91' lang='lat' dir='ltr'><strong>anno</strong></span> <span class='ocrx_word' id='word_1_358' title='bbox 1320 1852 1525 1885; x_wconf 86' lang='lat' dir='ltr'><strong>Dominicae</strong></span> <span class='ocrx_word' id='word_1_359' title='bbox 1548 1852 1793 1885; x_wconf 87' lang='lat' dir='ltr'><strong>incarnationis</strong></span> <span class='ocrx_word' id='word_1_360' title='bbox 1816 1851 2003 1891; x_wconf 89' lang='lat' dir='ltr'><strong>MLXIIII,</strong></span> <span class='ocrx_word' id='word_1_361' title='bbox 2026 1862 2105 1885; x_wconf 89' lang='lat' dir='ltr'><strong>cum</strong></span> <span class='ocrx_word' id='word_1_362' title='bbox 2121 1852 2221 1896; x_wconf 88' lang='lat' dir='ltr'><strong>quin·</strong></span> <span class='ocrx_word' id='word_1_363' title='bbox 2311 1886 2314 1896; x_wconf 24' lang='grc' dir='ltr'>ἱ</span> 
     </span>
     <span class='ocr_line' id='line_1_33' title="bbox 372 1898 2314 1951; baseline -0.002 -13"><span class='ocrx_word' id='word_1_364' title='bbox 372 1907 486 1951; x_wconf 88' lang='lat' dir='ltr'><strong>gentis</strong></span> <span class='ocrx_word' id='word_1_365' title='bbox 508 1906 745 1939; x_wconf 87' lang='lat' dir='ltr'><strong>tantummodo</strong></span> <span class='ocrx_word' id='word_1_366' title='bbox 770 1906 936 1939; x_wconf 90' lang='lat' dir='ltr'><strong>militibus</strong></span> <span class='ocrx_word' id='word_1_367' title='bbox 967 1907 1060 1949; x_wconf 91' lang='lat' dir='ltr'><strong>apud</strong></span> <span class='ocrx_word' id='word_1_368' title='bbox 1090 1907 1119 1939; x_wconf 94' lang='lat' dir='ltr'>F</span> <span class='ocrx_word' id='word_1_369' title='bbox 1122 1917 1218 1939; x_wconf 91' lang='lat' dir='ltr'><strong>arum</strong></span> <span class='ocrx_word' id='word_1_370' title='bbox 1249 1917 1343 1939; x_wconf 92' lang='lat' dir='ltr'><strong>mare</strong></span> <span class='ocrx_word' id='word_1_371' title='bbox 1372 1912 1633 1946; x_wconf 86' lang='lat' dir='ltr'><strong>transmeantes,</strong></span> <span class='ocrx_word' id='word_1_372' title='bbox 1662 1912 1738 1939; x_wconf 90' lang='lat' dir='ltr'><strong>tota</strong></span> <span class='ocrx_word' id='word_1_373' title='bbox 1768 1905 1899 1943; x_wconf 88' lang='lat' dir='ltr'><strong>Sicilia,</strong></span> <span class='ocrx_word' id='word_1_374' title='bbox 1929 1905 2024 1938; x_wconf 89' lang='lat' dir='ltr'><strong>nullo</strong></span> <span class='ocrx_word' id='word_1_375' title='bbox 2054 1905 2220 1938; x_wconf 86' lang='lat' dir='ltr'><strong>adversus</strong></span> <span class='ocrx_word' id='word_1_376' title='bbox 2309 1898 2314 1935; x_wconf 78' lang='grc' dir='ltr'><em>ἑ</em></span> 
     </span>
     <span class='ocr_line' id='line_1_34' title="bbox 374 1942 2314 2004; baseline -0.002 -11"><span class='ocrx_word' id='word_1_377' title='bbox 374 1970 432 1993; x_wconf 85' lang='lat' dir='ltr'><strong>eos</strong></span> <span class='ocrx_word' id='word_1_378' title='bbox 454 1959 604 2004; x_wconf 88' lang='lat' dir='ltr'><strong>aliquid&#39;</strong></span> <span class='ocrx_word' id='word_1_379' title='bbox 625 1966 876 2002; x_wconf 88' lang='lat' dir='ltr'><strong>praesumente,</strong></span> <span class='ocrx_word' id='word_1_380' title='bbox 899 1961 1039 2002; x_wconf 89' lang='lat' dir='ltr'><strong>impune</strong></span> <span class='ocrx_word' id='word_1_381' title='bbox 1063 1965 1260 2003; x_wconf 85' lang='lat' dir='ltr'><strong>peragrata,</strong></span> <span class='ocrx_word' id='word_1_382' title='bbox 1283 1959 1491 1992; x_wconf 89' lang='lat' dir='ltr'><strong>Panormum</strong></span> <span class='ocrx_word' id='word_1_383' title='bbox 1514 1969 1622 2003; x_wconf 88' lang='lat' dir='ltr'><strong>usque</strong></span> <span class='ocrx_word' id='word_1_384' title='bbox 1645 1959 1871 2001; x_wconf 88' lang='lat' dir='ltr'><strong>perveniunt;</strong></span> <span class='ocrx_word' id='word_1_385' title='bbox 1895 1964 2000 2002; x_wconf 87' lang='lat' dir='ltr'><strong>atque</strong></span> <span class='ocrx_word' id='word_1_386' title='bbox 2022 1959 2060 1990; x_wconf 90' lang='lat' dir='ltr'><strong>in</strong></span> <span class='ocrx_word' id='word_1_387' title='bbox 2088 1963 2218 2000; x_wconf 85' lang='lat' dir='ltr'><strong>monte,</strong></span> <span class='ocrx_word' id='word_1_388' title='bbox 2241 1958 2314 1993; x_wconf 90' lang='grc'><strong>30</strong></span> <span class='ocrx_word' id='word_1_389' title='bbox 2306 1942 2314 1978; x_wconf 91' lang='grc'><strong>1</strong></span> 
     </span>
     <span class='ocr_line' id='line_1_35' title="bbox 372 2011 2314 2057; baseline -0.001 -11"><span class='ocrx_word' id='word_1_390' title='bbox 372 2014 432 2057; x_wconf 93' lang='lat' dir='ltr'><strong>qui</strong></span> <span class='ocrx_word' id='word_1_391' title='bbox 461 2019 581 2056; x_wconf 89' lang='lat' dir='ltr'><strong>postea</strong></span> <span class='ocrx_word' id='word_1_392' title='bbox 611 2013 819 2046; x_wconf 88' lang='lat' dir='ltr'><strong>Tarantinus</strong></span> <span class='ocrx_word' id='word_1_393' title='bbox 849 2013 978 2055; x_wconf 90' lang='lat' dir='ltr'><strong>[dictus</strong></span> <span class='ocrx_word' id='word_1_394' title='bbox 1008 2014 1073 2056; x_wconf 89' lang='lat' dir='ltr'><strong>est]</strong></span> <span class='ocrx_word' id='word_1_395' title='bbox 1104 2013 1148 2046; x_wconf 89' lang='lat' dir='ltr'><strong>ab</strong></span> <span class='ocrx_word' id='word_1_396' title='bbox 1180 2014 1392 2046; x_wconf 87' lang='lat' dir='ltr'><strong>abundantia</strong></span> <span class='ocrx_word' id='word_1_397' title='bbox 1422 2019 1633 2046; x_wconf 88' lang='lat' dir='ltr'><strong>tarantarum</strong></span> <span class='ocrx_word' id='word_1_398' title='bbox 1647 2012 1670 2052; x_wconf 89' lang='lat'><strong>¹,</strong></span> <span class='ocrx_word' id='word_1_399' title='bbox 1700 2023 1721 2044; x_wconf 90' lang='lat' dir='ltr'><strong>a</strong></span> <span class='ocrx_word' id='word_1_400' title='bbox 1748 2012 1872 2055; x_wconf 89' lang='lat' dir='ltr'><strong>quibus</strong></span> <span class='ocrx_word' id='word_1_401' title='bbox 1894 2012 2025 2046; x_wconf 90' lang='lat' dir='ltr'><strong>ibidem</strong></span> <span class='ocrx_word' id='word_1_402' title='bbox 2048 2011 2219 2045; x_wconf 84' lang='lat' dir='ltr'><strong>exercitus</strong></span> <span class='ocrx_word' id='word_1_403' title='bbox 2312 2011 2314 2015; x_wconf 88' lang='lat'>&#39;</span> 
     </span>
     <span class='ocr_line' id='line_1_36' title="bbox 373 2065 2218 2110; baseline -0.001 -11"><span class='ocrx_word' id='word_1_404' title='bbox 373 2077 491 2099; x_wconf 91' lang='lat' dir='ltr'><strong>eorum</strong></span> <span class='ocrx_word' id='word_1_405' title='bbox 515 2067 697 2110; x_wconf 88' lang='lat' dir='ltr'><strong>plurimum</strong></span> <span class='ocrx_word' id='word_1_406' title='bbox 719 2073 862 2100; x_wconf 87' lang='lat' dir='ltr'><strong>vexatus</strong></span> <span class='ocrx_word' id='word_1_407' title='bbox 885 2073 947 2106; x_wconf 89' lang='lat' dir='ltr'><strong>est,</strong></span> <span class='ocrx_word' id='word_1_408' title='bbox 967 2066 1108 2110; x_wconf 84' lang='lat' dir='ltr'><strong>jubente</strong></span> <span class='ocrx_word' id='word_1_409' title='bbox 1132 2067 1223 2100; x_wconf 91' lang='lat' dir='ltr'><strong>duce</strong></span> <span class='ocrx_word' id='word_1_410' title='bbox 1246 2085 1288 2091; x_wconf 91' lang='lat'>—</span> <span class='ocrx_word' id='word_1_411' title='bbox 1312 2078 1415 2110; x_wconf 90' lang='lat' dir='ltr'><strong>quem</strong></span> <span class='ocrx_word' id='word_1_412' title='bbox 1438 2072 1558 2109; x_wconf 89' lang='lat' dir='ltr'><strong>postea</strong></span> <span class='ocrx_word' id='word_1_413' title='bbox 1579 2066 1751 2109; x_wconf 90' lang='lat' dir='ltr'><strong>poenituit</strong></span> <span class='ocrx_word' id='word_1_414' title='bbox 1772 2084 1826 2105; x_wconf 90' lang='lat'><strong>—,</strong></span> <span class='ocrx_word' id='word_1_415' title='bbox 1853 2065 2004 2099; x_wconf 89' lang='lat' dir='ltr'><strong>tentoria</strong></span> <span class='ocrx_word' id='word_1_416' title='bbox 2033 2065 2101 2099; x_wconf 84' lang='lat' dir='ltr'><strong>fixa</strong></span> <span class='ocrx_word' id='word_1_417' title='bbox 2129 2071 2218 2099; x_wconf 81' lang='lat' dir='ltr'><strong>sunt.</strong></span> 
     </span>
    </p>
   </div>
   <div class='ocr_carea' id='block_1_7' title="bbox 347 2119 2219 2163">
    <p class='ocr_par' dir='ltr' id='par_1_11' title="bbox 347 2119 2219 2163">
     <span class='ocr_line' id='line_1_37' title="bbox 347 2119 2219 2163; baseline -0.001 -9"><span class='ocrx_word' id='word_1_418' title='bbox 347 2149 351 2154; x_wconf 93' lang='lat'><strong>.</strong></span> <span class='ocrx_word' id='word_1_419' title='bbox 372 2121 461 2153; x_wconf 89' lang='lat' dir='ltr'><strong>Nam</strong></span> <span class='ocrx_word' id='word_1_420' title='bbox 485 2131 583 2153; x_wconf 84' lang='lat' dir='ltr'><strong>mons</strong></span> <span class='ocrx_word' id='word_1_421' title='bbox 604 2126 694 2153; x_wconf 86' lang='lat' dir='ltr'><strong>totus</strong></span> <span class='ocrx_word' id='word_1_422' title='bbox 714 2121 837 2153; x_wconf 87' lang='lat' dir='ltr'><strong>insitus</strong></span> <span class='ocrx_word' id='word_1_423' title='bbox 858 2120 1010 2158; x_wconf 86' lang='lat' dir='ltr'><strong>tarantis,</strong></span> <span class='ocrx_word' id='word_1_424' title='bbox 1033 2120 1119 2153; x_wconf 91' lang='lat' dir='ltr'><strong>viris</strong></span> <span class='ocrx_word' id='word_1_425' title='bbox 1150 2127 1184 2153; x_wconf 91' lang='lat' dir='ltr'><strong>et</strong></span> <span class='ocrx_word' id='word_1_426' title='bbox 1209 2121 1408 2153; x_wconf 89' lang='lat' dir='ltr'><strong>mulieribus</strong></span> <span class='ocrx_word' id='word_1_427' title='bbox 1430 2121 1662 2159; x_wconf 85' lang='lat' dir='ltr'><strong>inhonestum,</strong></span> <span class='ocrx_word' id='word_1_428' title='bbox 1693 2119 1849 2163; x_wconf 87' lang='lat' dir='ltr'><strong>quamvis</strong></span> <span class='ocrx_word' id='word_1_429' title='bbox 1875 2119 1920 2151; x_wconf 83' lang='lat' dir='ltr'><strong>iis</strong></span> <span class='ocrx_word' id='word_1_430' title='bbox 1951 2119 2009 2162; x_wconf 91' lang='lat' dir='ltr'><strong>qui</strong></span> <span class='ocrx_word' id='word_1_431' title='bbox 2033 2119 2219 2157; x_wconf 79' lang='lat' dir='ltr'><strong>evaserint,</strong></span> 
     </span>
    </p>
   </div>
   <div class='ocr_carea' id='block_1_8' title="bbox 369 2171 2314 2591">
    <p class='ocr_par' dir='ltr' id='par_1_12' title="bbox 369 2171 2314 2591">
     <span class='ocr_line' id='line_1_38' title="bbox 369 2171 2220 2217; baseline -0.001 -11"><span class='ocrx_word' id='word_1_432' title='bbox 369 2173 593 2206; x_wconf 90' lang='lat' dir='ltr'><strong>ridiculosum</strong></span> <span class='ocrx_word' id='word_1_433' title='bbox 625 2174 810 2216; x_wconf 89' lang='lat' dir='ltr'><strong>hospitium</strong></span> <span class='ocrx_word' id='word_1_434' title='bbox 841 2173 1008 2215; x_wconf 86' lang='lat' dir='ltr'><strong>praebuit.</strong></span> <span class='ocrx_word' id='word_1_435' title='bbox 1054 2174 1210 2206; x_wconf 88' lang='lat' dir='ltr'><strong>Taranta</strong></span> <span class='ocrx_word' id='word_1_436' title='bbox 1234 2174 1374 2217; x_wconf 90' lang='lat' dir='ltr'><strong>quidem</strong></span> <span class='ocrx_word' id='word_1_437' title='bbox 1398 2173 1524 2206; x_wconf 87' lang='lat' dir='ltr'><strong>vermis</strong></span> <span class='ocrx_word' id='word_1_438' title='bbox 1547 2179 1610 2212; x_wconf 88' lang='lat' dir='ltr'><strong>est,</strong></span> <span class='ocrx_word' id='word_1_439' title='bbox 1641 2183 1787 2206; x_wconf 88' lang='lat' dir='ltr'><strong>araneae</strong></span> <span class='ocrx_word' id='word_1_440' title='bbox 1813 2173 1967 2215; x_wconf 91' lang='lat' dir='ltr'><strong>speciem</strong></span> <span class='ocrx_word' id='word_1_441' title='bbox 1990 2171 2133 2212; x_wconf 87' lang='lat' dir='ltr'><strong>habens,</strong></span> <span class='ocrx_word' id='word_1_442' title='bbox 2156 2171 2220 2205; x_wconf 90' lang='lat' dir='ltr'><strong>sed</strong></span> 
     </span>
     <span class='ocr_line' id='line_1_39' title="bbox 371 2225 2314 2271; baseline -0.001 -12"><span class='ocrx_word' id='word_1_443' title='bbox 371 2227 527 2260; x_wconf 89' lang='lat' dir='ltr'><strong>aculeum</strong></span> <span class='ocrx_word' id='word_1_444' title='bbox 550 2227 675 2259; x_wconf 87' lang='lat' dir='ltr'><strong>veneni</strong></span> <span class='ocrx_word' id='word_1_445' title='bbox 697 2227 795 2260; x_wconf 78' lang='lat' dir='ltr'><strong>ferae</strong></span> <span class='ocrx_word' id='word_1_446' title='bbox 819 2227 1013 2270; x_wconf 87' lang='lat' dir='ltr'><strong>punctionis</strong></span> <span class='ocrx_word' id='word_1_447' title='bbox 1044 2237 1244 2271; x_wconf 89' lang='lat' dir='ltr'><strong>omnesque,</strong></span> <span class='ocrx_word' id='word_1_448' title='bbox 1268 2238 1354 2271; x_wconf 89' lang='lat' dir='ltr'><strong>quos</strong></span> <span class='ocrx_word' id='word_1_449' title='bbox 1376 2227 1548 2270; x_wconf 85' lang='lat' dir='ltr'><strong>punxerit,</strong></span> <span class='ocrx_word' id='word_1_450' title='bbox 1571 2227 1678 2260; x_wconf 87' lang='lat' dir='ltr'><strong>multa</strong></span> <span class='ocrx_word' id='word_1_451' title='bbox 1701 2232 1735 2259; x_wconf 86' lang='lat' dir='ltr'><strong>et</strong></span> <span class='ocrx_word' id='word_1_452' title='bbox 1758 2226 1914 2259; x_wconf 87' lang='lat' dir='ltr'><strong>venefica</strong></span> <span class='ocrx_word' id='word_1_453' title='bbox 1936 2225 2141 2259; x_wconf 69' lang='lat' dir='ltr'><strong>ventositate</strong></span> <span class='ocrx_word' id='word_1_454' title='bbox 2164 2235 2219 2258; x_wconf 88' lang='lat' dir='ltr'><strong>re-</strong></span> <span class='ocrx_word' id='word_1_455' title='bbox 2241 2225 2283 2258; x_wconf 90' lang='grc'><strong>35</strong></span> <span class='ocrx_word' id='word_1_456' title='bbox 2309 2235 2314 2251; x_wconf 99' lang='grc'><strong>1</strong></span> 
     </span>
     <span class='ocr_line' id='line_1_40' title="bbox 372 2277 2218 2324; baseline -0.001 -11"><span class='ocrx_word' id='word_1_457' title='bbox 372 2281 465 2323; x_wconf 82' lang='lat' dir='ltr'><strong>plet:</strong></span> <span class='ocrx_word' id='word_1_458' title='bbox 490 2281 524 2312; x_wconf 90' lang='lat' dir='ltr'><strong>in</strong></span> <span class='ocrx_word' id='word_1_459' title='bbox 546 2285 749 2323; x_wconf 89' lang='lat' dir='ltr'><strong>tantumque</strong></span> <span class='ocrx_word' id='word_1_460' title='bbox 771 2280 1019 2323; x_wconf 86' lang='lat' dir='ltr'><strong>angustiantur,</strong></span> <span class='ocrx_word' id='word_1_461' title='bbox 1042 2286 1080 2313; x_wconf 92' lang='lat' dir='ltr'><strong>ut</strong></span> <span class='ocrx_word' id='word_1_462' title='bbox 1101 2281 1212 2323; x_wconf 89' lang='lat' dir='ltr'><strong>ipsam</strong></span> <span class='ocrx_word' id='word_1_463' title='bbox 1237 2281 1488 2318; x_wconf 88' lang='lat' dir='ltr'><strong>ventositatem,</strong></span> <span class='ocrx_word' id='word_1_464' title='bbox 1512 2291 1600 2324; x_wconf 90' lang='lat' dir='ltr'><strong>quae</strong></span> <span class='ocrx_word' id='word_1_465' title='bbox 1617 2291 1681 2322; x_wconf 89' lang='lat' dir='ltr'><strong>per</strong></span> <span class='ocrx_word' id='word_1_466' title='bbox 1696 2290 1798 2312; x_wconf 89' lang='lat' dir='ltr'><strong>anum</strong></span> <span class='ocrx_word' id='word_1_467' title='bbox 1813 2279 1994 2312; x_wconf 87' lang='lat' dir='ltr'><strong>inhoneste</strong></span> <span class='ocrx_word' id='word_1_468' title='bbox 2012 2277 2218 2322; x_wconf 86' lang='lat' dir='ltr'><strong>crepitando</strong></span> 
     </span>
     <span class='ocr_line' id='line_1_41' title="bbox 372 2332 2219 2378; baseline -0.001 -13"><span class='ocrx_word' id='word_1_469' title='bbox 372 2334 527 2378; x_wconf 90' lang='lat' dir='ltr'><strong>emergit,</strong></span> <span class='ocrx_word' id='word_1_470' title='bbox 552 2334 647 2365; x_wconf 91' lang='lat' dir='ltr'><strong>nulla</strong></span> <span class='ocrx_word' id='word_1_471' title='bbox 669 2334 774 2366; x_wconf 92' lang='lat' dir='ltr'><strong>modo</strong></span> <span class='ocrx_word' id='word_1_472' title='bbox 796 2334 1011 2377; x_wconf 88' lang='lat' dir='ltr'><strong>restinguere</strong></span> <span class='ocrx_word' id='word_1_473' title='bbox 1039 2335 1266 2376; x_wconf 88' lang='lat' dir='ltr'><strong>praevaleant</strong></span> <span class='ocrx_word' id='word_1_474' title='bbox 1295 2340 1340 2373; x_wconf 89' lang='lat' dir='ltr'><strong>et,</strong></span> <span class='ocrx_word' id='word_1_475' title='bbox 1370 2334 1436 2366; x_wconf 91' lang='lat' dir='ltr'><strong>nisi</strong></span> <span class='ocrx_word' id='word_1_476' title='bbox 1466 2333 1642 2366; x_wconf 87' lang='lat' dir='ltr'><strong>clibanica</strong></span> <span class='ocrx_word' id='word_1_477' title='bbox 1671 2333 1726 2366; x_wconf 90' lang='lat' dir='ltr'><strong>vel</strong></span> <span class='ocrx_word' id='word_1_478' title='bbox 1757 2332 1827 2365; x_wconf 89' lang='lat' dir='ltr'><strong>alia</strong></span> <span class='ocrx_word' id='word_1_479' title='bbox 1857 2332 1999 2376; x_wconf 87' lang='lat' dir='ltr'><strong>quaevis</strong></span> <span class='ocrx_word' id='word_1_480' title='bbox 2029 2332 2219 2365; x_wconf 76' lang='lat' dir='ltr'><strong>ferventior</strong></span> 
     </span>
     <span class='ocr_line' id='line_1_42' title="bbox 370 2385 2219 2430; baseline -0.001 -11"><span class='ocrx_word' id='word_1_481' title='bbox 370 2387 537 2420; x_wconf 86' lang='lat' dir='ltr'><strong>aestuatio</strong></span> <span class='ocrx_word' id='word_1_482' title='bbox 562 2387 665 2419; x_wconf 88' lang='lat' dir='ltr'><strong>citius</strong></span> <span class='ocrx_word' id='word_1_483' title='bbox 687 2386 843 2419; x_wconf 87' lang='lat' dir='ltr'><strong>adhibita</strong></span> <span class='ocrx_word' id='word_1_484' title='bbox 865 2387 981 2425; x_wconf 74' lang='lat' dir='ltr'><strong>fuerit,</strong></span> <span class='ocrx_word' id='word_1_485' title='bbox 1006 2387 1099 2420; x_wconf 90' lang='lat' dir='ltr'><strong>vitae</strong></span> <span class='ocrx_word' id='word_1_486' title='bbox 1121 2388 1317 2430; x_wconf 92' lang='lat' dir='ltr'><strong>periculum</strong></span> <span class='ocrx_word' id='word_1_487' title='bbox 1348 2388 1526 2420; x_wconf 89' lang='lat' dir='ltr'><strong>incurrere</strong></span> <span class='ocrx_word' id='word_1_488' title='bbox 1558 2387 1729 2419; x_wconf 88' lang='lat' dir='ltr'><strong>dicuntur.</strong></span> <span class='ocrx_word' id='word_1_489' title='bbox 1774 2386 1854 2418; x_wconf 90' lang='lat' dir='ltr'><strong>Tali</strong></span> <span class='ocrx_word' id='word_1_490' title='bbox 1884 2385 2101 2419; x_wconf 86' lang='lat' dir='ltr'><strong>inhonestate</strong></span> <span class='ocrx_word' id='word_1_491' title='bbox 2130 2395 2219 2419; x_wconf 86' lang='grc'>11011-</span> 
     </span>
     <span class='ocr_line' id='line_1_43' title="bbox 371 2439 2217 2485; baseline -0.001 -12"><span class='ocrx_word' id='word_1_492' title='bbox 371 2440 457 2473; x_wconf 86' lang='grc' dir='ltr'>11111Ιί</span> <span class='ocrx_word' id='word_1_493' title='bbox 480 2446 672 2473; x_wconf 88' lang='lat' dir='ltr'><strong>nostrorum</strong></span> <span class='ocrx_word' id='word_1_494' title='bbox 695 2440 820 2478; x_wconf 88' lang='lat' dir='ltr'><strong>vexati,</strong></span> <span class='ocrx_word' id='word_1_495' title='bbox 843 2442 984 2472; x_wconf 88' lang='lat' dir='ltr'><strong>tandem</strong></span> <span class='ocrx_word' id='word_1_496' title='bbox 1006 2441 1122 2473; x_wconf 91' lang='lat' dir='ltr'><strong>locum</strong></span> <span class='ocrx_word' id='word_1_497' title='bbox 1145 2447 1277 2473; x_wconf 89' lang='lat' dir='ltr'><strong>mutare</strong></span> <span class='ocrx_word' id='word_1_498' title='bbox 1302 2446 1483 2485; x_wconf 87' lang='lat' dir='ltr'><strong>coguntur,</strong></span> <span class='ocrx_word' id='word_1_499' title='bbox 1514 2440 1664 2473; x_wconf 90' lang='lat' dir='ltr'><strong>vicinum</strong></span> <span class='ocrx_word' id='word_1_500' title='bbox 1694 2439 1770 2472; x_wconf 91' lang='lat' dir='ltr'><strong>urbi</strong></span> <span class='ocrx_word' id='word_1_501' title='bbox 1801 2439 1916 2472; x_wconf 89' lang='lat' dir='ltr'><strong>locum</strong></span> <span class='ocrx_word' id='word_1_502' title='bbox 1946 2439 2116 2477; x_wconf 88' lang='lat' dir='ltr'><strong>tutiorem,</strong></span> <span class='ocrx_word' id='word_1_503' title='bbox 2147 2448 2217 2482; x_wconf 92' lang='lat' dir='ltr'><strong>quo</strong></span> 
     </span>
     <span class='ocr_line' id='line_1_44' title="bbox 369 2473 2314 2536; baseline -0.001 -10"><span class='ocrx_word' id='word_1_504' title='bbox 369 2494 593 2527; x_wconf 89' lang='lat' dir='ltr'><strong>tabernacula</strong></span> <span class='ocrx_word' id='word_1_505' title='bbox 617 2494 733 2536; x_wconf 86' lang='lat' dir='ltr'><strong>figant,</strong></span> <span class='ocrx_word' id='word_1_506' title='bbox 757 2499 969 2535; x_wconf 86' lang='lat' dir='ltr'><strong>expetentes,</strong></span> <span class='ocrx_word' id='word_1_507' title='bbox 993 2494 1052 2526; x_wconf 91' lang='lat' dir='ltr'><strong>ubi</strong></span> <span class='ocrx_word' id='word_1_508' title='bbox 1077 2505 1140 2536; x_wconf 91' lang='lat' dir='ltr'><strong>per</strong></span> <span class='ocrx_word' id='word_1_509' title='bbox 1164 2500 1232 2527; x_wconf 85' lang='lat' dir='ltr'><strong>tres</strong></span> <span class='ocrx_word' id='word_1_510' title='bbox 1256 2505 1392 2527; x_wconf 86' lang='lat' dir='ltr'><strong>menses</strong></span> <span class='ocrx_word' id='word_1_511' title='bbox 1416 2493 1631 2531; x_wconf 89' lang='lat' dir='ltr'><strong>commorati,</strong></span> <span class='ocrx_word' id='word_1_512' title='bbox 1656 2492 1914 2526; x_wconf 89' lang='lat' dir='ltr'><strong>Panormitanis</strong></span> <span class='ocrx_word' id='word_1_513' title='bbox 1942 2492 2083 2525; x_wconf 81' lang='lat' dir='ltr'><strong>fortiter</strong></span> <span class='ocrx_word' id='word_1_514' title='bbox 2112 2502 2214 2535; x_wconf 88' lang='lat' dir='ltr'><strong>repu-</strong></span> <span class='ocrx_word' id='word_1_515' title='bbox 2238 2473 2314 2524; x_wconf 45' lang='grc' dir='ltr'><strong>«1103ΙῚ</strong></span> 
     </span>
     <span class='ocr_line' id='line_1_45' title="bbox 371 2545 2216 2591; baseline -0.001 -12"><span class='ocrx_word' id='word_1_516' title='bbox 371 2547 566 2591; x_wconf 85' lang='lat' dir='ltr'><strong>guantibus‚</strong></span> <span class='ocrx_word' id='word_1_517' title='bbox 589 2557 708 2579; x_wconf 86' lang='lat' dir='ltr'><strong>versus</strong></span> <span class='ocrx_word' id='word_1_518' title='bbox 730 2546 851 2579; x_wconf 92' lang='lat' dir='ltr'><strong>urbem</strong></span> <span class='ocrx_word' id='word_1_519' title='bbox 874 2547 1016 2589; x_wconf 89' lang='lat' dir='ltr'><strong>quidem</strong></span> <span class='ocrx_word' id='word_1_520' title='bbox 1039 2548 1177 2580; x_wconf 90' lang='lat' dir='ltr'><strong>minime</strong></span> <span class='ocrx_word' id='word_1_521' title='bbox 1201 2548 1438 2591; x_wconf 79' lang='lat' dir='ltr'><strong>profecerunt,</strong></span> <span class='ocrx_word' id='word_1_522' title='bbox 1466 2548 1529 2580; x_wconf 90' lang='lat' dir='ltr'><strong>sed</strong></span> <span class='ocrx_word' id='word_1_523' title='bbox 1552 2546 1720 2579; x_wconf 89' lang='lat' dir='ltr'><strong>viciniora</strong></span> <span class='ocrx_word' id='word_1_524' title='bbox 1745 2547 2014 2590; x_wconf 90' lang='lat' dir='ltr'><strong>circumquaque</strong></span> <span class='ocrx_word' id='word_1_525' title='bbox 2038 2545 2116 2578; x_wconf 87' lang='lat' dir='ltr'><strong>loca</strong></span> <span class='ocrx_word' id='word_1_526' title='bbox 2137 2545 2216 2588; x_wconf 88' lang='lat' dir='ltr'><strong>plu-</strong></span> 
     </span>
    </p>
   </div>
   <div class='ocr_carea' id='block_1_9' title="bbox 372 2675 2217 2879">
    <p class='ocr_par' dir='ltr' id='par_1_13' title="bbox 372 2675 2217 2879">
     <span class='ocr_line' id='line_1_46' title="bbox 462 2675 2215 2711; baseline -0.001 -9"><span class='ocrx_word' id='word_1_527' title='bbox 462 2685 484 2702; x_wconf 93' lang='lat'><strong>1.</strong></span> <span class='ocrx_word' id='word_1_528' title='bbox 504 2679 637 2702; x_wconf 91' lang='lat' dir='ltr'><strong>nuntium</strong></span> <span class='ocrx_word' id='word_1_529' title='bbox 657 2679 683 2702; x_wconf 89' lang='lat' dir='ltr'><em>P</em></span> <span class='ocrx_word' id='word_1_530' title='bbox 701 2691 709 2695; x_wconf 89' lang='lat'><em>-</em></span> <span class='ocrx_word' id='word_1_531' title='bbox 728 2675 869 2710; x_wconf 85' lang='lat' dir='ltr'><strong>ducentis]</strong></span> <span class='ocrx_word' id='word_1_532' title='bbox 888 2678 1064 2710; x_wconf 85' lang='lat' dir='ltr'><strong>septingenti</strong></span> <span class='ocrx_word' id='word_1_533' title='bbox 1082 2679 1139 2703; x_wconf 87' lang='lat' dir='ltr'><strong>PC</strong></span> <span class='ocrx_word' id='word_1_534' title='bbox 1158 2692 1188 2696; x_wconf 87' lang='lat'><em>-</em></span> <span class='ocrx_word' id='word_1_535' title='bbox 1209 2686 1233 2711; x_wconf 83' lang='lat'><strong>3.</strong></span> <span class='ocrx_word' id='word_1_536' title='bbox 1254 2679 1349 2703; x_wconf 88' lang='lat' dir='ltr'><strong>virilis</strong></span> <span class='ocrx_word' id='word_1_537' title='bbox 1368 2687 1417 2704; x_wconf 82' lang='lat' dir='ltr'><strong>om.</strong></span> <span class='ocrx_word' id='word_1_538' title='bbox 1437 2679 1464 2703; x_wconf 88' lang='lat' dir='ltr'><em>P</em></span> <span class='ocrx_word' id='word_1_539' title='bbox 1481 2691 1513 2696; x_wconf 92' lang='lat'>-</span> <span class='ocrx_word' id='word_1_540' title='bbox 1534 2685 1558 2707; x_wconf 79' lang='lat'><strong>4.</strong></span> <span class='ocrx_word' id='word_1_541' title='bbox 1579 2676 1709 2711; x_wconf 90' lang='lat' dir='ltr'><strong>cupiunt]</strong></span> <span class='ocrx_word' id='word_1_542' title='bbox 1729 2680 1882 2710; x_wconf 87' lang='lat' dir='ltr'><strong>coeperunt</strong></span> <span class='ocrx_word' id='word_1_543' title='bbox 1900 2678 1961 2702; x_wconf 88' lang='lat' dir='ltr'><strong>PC</strong></span> <span class='ocrx_word' id='word_1_544' title='bbox 1977 2691 2010 2695; x_wconf 92' lang='lat'><em>-</em></span> <span class='ocrx_word' id='word_1_545' title='bbox 2030 2675 2056 2702; x_wconf 83' lang='grc'><strong>6.</strong></span> <span class='ocrx_word' id='word_1_546' title='bbox 2073 2677 2215 2702; x_wconf 75' lang='lat' dir='ltr'><strong>auxillum</strong></span> 
     </span>
     <span class='ocr_line' id='line_1_47' title="bbox 374 2716 2214 2754; baseline 0 -11"><span class='ocrx_word' id='word_1_547' title='bbox 374 2722 554 2754; x_wconf 85' lang='lat' dir='ltr'><strong>expectantes</strong></span> <span class='ocrx_word' id='word_1_548' title='bbox 567 2721 626 2744; x_wconf 86' lang='lat' dir='ltr'><strong>BD</strong></span> <span class='ocrx_word' id='word_1_549' title='bbox 641 2733 671 2737; x_wconf 97' lang='lat'><strong>—</strong></span> <span class='ocrx_word' id='word_1_550' title='bbox 687 2719 710 2744; x_wconf 92' lang='lat'><strong>8.</strong></span> <span class='ocrx_word' id='word_1_551' title='bbox 729 2722 757 2744; x_wconf 87' lang='lat' dir='ltr'><strong>et</strong></span> <span class='ocrx_word' id='word_1_552' title='bbox 776 2719 851 2751; x_wconf 88' lang='lat' dir='ltr'><strong>quod</strong></span> <span class='ocrx_word' id='word_1_553' title='bbox 871 2719 1013 2744; x_wconf 87' lang='lat' dir='ltr'><strong>acciderat</strong></span> <span class='ocrx_word' id='word_1_554' title='bbox 1032 2720 1095 2744; x_wconf 87' lang='lat' dir='ltr'><strong>BD</strong></span> <span class='ocrx_word' id='word_1_555' title='bbox 1115 2735 1146 2739; x_wconf 89' lang='lat'><strong>—</strong></span> <span class='ocrx_word' id='word_1_556' title='bbox 1169 2729 1208 2746; x_wconf 83' lang='grc' dir='ltr'><strong>ιο,</strong></span> <span class='ocrx_word' id='word_1_557' title='bbox 1230 2722 1414 2746; x_wconf 85' lang='lat' dir='ltr'><strong>ascenderant</strong></span> <span class='ocrx_word' id='word_1_558' title='bbox 1435 2722 1461 2745; x_wconf 87' lang='lat' dir='ltr'><em>P</em></span> <span class='ocrx_word' id='word_1_559' title='bbox 1481 2735 1510 2738; x_wconf 97' lang='lat'><strong>—</strong></span> <span class='ocrx_word' id='word_1_560' title='bbox 1534 2727 1575 2745; x_wconf 86' lang='lat'><strong>11.</strong></span> <span class='ocrx_word' id='word_1_561' title='bbox 1594 2720 1703 2752; x_wconf 83' lang='lat' dir='ltr'><strong>alloqui</strong></span> <span class='ocrx_word' id='word_1_562' title='bbox 1723 2728 1770 2745; x_wconf 87' lang='lat' dir='ltr'><strong>om.</strong></span> <span class='ocrx_word' id='word_1_563' title='bbox 1784 2721 1844 2744; x_wconf 89' lang='lat' dir='ltr'><strong>PB</strong></span> <span class='ocrx_word' id='word_1_564' title='bbox 1857 2734 1889 2737; x_wconf 98' lang='lat'><strong>—</strong></span> <span class='ocrx_word' id='word_1_565' title='bbox 1906 2726 1946 2752; x_wconf 85' lang='lat'><strong>15.</strong></span> <span class='ocrx_word' id='word_1_566' title='bbox 1961 2719 2051 2744; x_wconf 78' lang='lat' dir='ltr'><strong>futuri</strong></span> <span class='ocrx_word' id='word_1_567' title='bbox 2065 2716 2214 2752; x_wconf 78' lang='lat' dir='ltr'><strong>vituperii]</strong></span> 
     </span>
     <span class='ocr_line' id='line_1_48' title="bbox 372 2760 2215 2796; baseline 0.001 -11"><span class='ocrx_word' id='word_1_568' title='bbox 372 2763 475 2787; x_wconf 82' lang='lat' dir='ltr'><strong>facturi</strong></span> <span class='ocrx_word' id='word_1_569' title='bbox 497 2763 610 2795; x_wconf 75' lang='lat' dir='ltr'><strong>Imperii</strong></span> <span class='ocrx_word' id='word_1_570' title='bbox 630 2763 693 2786; x_wconf 89' lang='lat' dir='ltr'><strong>BD</strong></span> <span class='ocrx_word' id='word_1_571' title='bbox 707 2776 714 2780; x_wconf 96' lang='lat'><em>-</em></span> <span class='ocrx_word' id='word_1_572' title='bbox 730 2760 867 2794; x_wconf 86' lang='lat' dir='ltr'><strong>hostium]</strong></span> <span class='ocrx_word' id='word_1_573' title='bbox 886 2762 1011 2786; x_wconf 84' lang='lat' dir='ltr'><strong>militum</strong></span> <span class='ocrx_word' id='word_1_574' title='bbox 1031 2762 1095 2786; x_wconf 88' lang='lat' dir='ltr'><strong>BD</strong></span> <span class='ocrx_word' id='word_1_575' title='bbox 1108 2777 1140 2780; x_wconf 86' lang='lat'>—</span> <span class='ocrx_word' id='word_1_576' title='bbox 1163 2770 1201 2796; x_wconf 85' lang='lat'><strong>19.</strong></span> <span class='ocrx_word' id='word_1_577' title='bbox 1222 2765 1324 2796; x_wconf 86' lang='lat' dir='ltr'><strong>praeda</strong></span> <span class='ocrx_word' id='word_1_578' title='bbox 1343 2772 1391 2788; x_wconf 87' lang='lat' dir='ltr'><strong>om.</strong></span> <span class='ocrx_word' id='word_1_579' title='bbox 1412 2765 1476 2788; x_wconf 85' lang='lat' dir='ltr'><strong>BD</strong></span> <span class='ocrx_word' id='word_1_580' title='bbox 1496 2776 1528 2781; x_wconf 90' lang='lat'><strong>—-</strong></span> <span class='ocrx_word' id='word_1_581' title='bbox 1549 2769 1591 2788; x_wconf 83' lang='lat'><strong>21.</strong></span> <span class='ocrx_word' id='word_1_582' title='bbox 1610 2763 1644 2787; x_wconf 89' lang='lat' dir='ltr'><strong>de</strong></span> <span class='ocrx_word' id='word_1_583' title='bbox 1663 2763 1726 2787; x_wconf 87' lang='lat' dir='ltr'><strong>solo</strong></span> <span class='ocrx_word' id='word_1_584' title='bbox 1747 2762 1877 2787; x_wconf 85' lang='lat' dir='ltr'><strong>Galterio</strong></span> <span class='ocrx_word' id='word_1_585' title='bbox 1898 2763 1931 2787; x_wconf 85' lang='lat' dir='ltr'><strong>de</strong></span> <span class='ocrx_word' id='word_1_586' title='bbox 1950 2762 2059 2787; x_wconf 84' lang='lat' dir='ltr'><strong>Simula</strong></span> <span class='ocrx_word' id='word_1_587' title='bbox 2078 2762 2104 2786; x_wconf 87' lang='lat' dir='ltr'><em>P</em></span> <span class='ocrx_word' id='word_1_588' title='bbox 2119 2774 2151 2780; x_wconf 91' lang='lat'>—</span> <span class='ocrx_word' id='word_1_589' title='bbox 2171 2767 2215 2792; x_wconf 85' lang='lat'><strong>24.</strong></span> 
     </span>
     <span class='ocr_line' id='line_1_49' title="bbox 373 2802 2217 2839; baseline -0.001 -11"><span class='ocrx_word' id='word_1_590' title='bbox 373 2804 449 2836; x_wconf 84' lang='lat' dir='ltr'><strong>ergo]</strong></span> <span class='ocrx_word' id='word_1_591' title='bbox 470 2812 536 2829; x_wconf 86' lang='lat' dir='ltr'><strong>vero</strong></span> <span class='ocrx_word' id='word_1_592' title='bbox 557 2805 623 2827; x_wconf 84' lang='lat' dir='ltr'><strong>P—</strong></span> <span class='ocrx_word' id='word_1_593' title='bbox 644 2811 686 2837; x_wconf 85' lang='lat'><strong>27.</strong></span> <span class='ocrx_word' id='word_1_594' title='bbox 706 2805 862 2829; x_wconf 89' lang='lat' dir='ltr'><strong>Cusentum</strong></span> <span class='ocrx_word' id='word_1_595' title='bbox 882 2805 942 2829; x_wconf 88' lang='lat' dir='ltr'><strong>PC</strong></span> <span class='ocrx_word' id='word_1_596' title='bbox 959 2818 991 2822; x_wconf 90' lang='grc'><strong>-</strong></span> <span class='ocrx_word' id='word_1_597' title='bbox 1005 2811 1047 2836; x_wconf 87' lang='lat'><strong>33.</strong></span> <span class='ocrx_word' id='word_1_598' title='bbox 1067 2805 1116 2836; x_wconf 87' lang='lat' dir='ltr'><strong>qui</strong></span> <span class='ocrx_word' id='word_1_599' title='bbox 1135 2813 1183 2829; x_wconf 87' lang='lat' dir='ltr'><strong>om.</strong></span> <span class='ocrx_word' id='word_1_600' title='bbox 1204 2807 1269 2830; x_wconf 90' lang='lat' dir='ltr'><strong>BD</strong></span> <span class='ocrx_word' id='word_1_601' title='bbox 1289 2820 1320 2823; x_wconf 95' lang='lat'>—</span> <span class='ocrx_word' id='word_1_602' title='bbox 1340 2813 1382 2839; x_wconf 83' lang='lat'><strong>34.</strong></span> <span class='ocrx_word' id='word_1_603' title='bbox 1403 2807 1513 2830; x_wconf 85' lang='lat' dir='ltr'><strong>tarenta</strong></span> <span class='ocrx_word' id='word_1_604' title='bbox 1534 2806 1638 2838; x_wconf 88' lang='lat' dir='ltr'><strong>quippe</strong></span> <span class='ocrx_word' id='word_1_605' title='bbox 1659 2806 1725 2829; x_wconf 86' lang='lat' dir='ltr'><strong>BD</strong></span> <span class='ocrx_word' id='word_1_606' title='bbox 1738 2818 1770 2823; x_wconf 90' lang='lat'><strong>—</strong></span> <span class='ocrx_word' id='word_1_607' title='bbox 1785 2810 1827 2836; x_wconf 83' lang='lat'><strong>35.</strong></span> <span class='ocrx_word' id='word_1_608' title='bbox 1839 2807 1867 2830; x_wconf 88' lang='lat' dir='ltr'><strong>et</strong></span> <span class='ocrx_word' id='word_1_609' title='bbox 1880 2812 1927 2829; x_wconf 86' lang='lat' dir='ltr'><strong>om.</strong></span> <span class='ocrx_word' id='word_1_610' title='bbox 1941 2804 2013 2830; x_wconf 83' lang='lat'><strong>1²—</strong></span> <span class='ocrx_word' id='word_1_611' title='bbox 2027 2802 2069 2835; x_wconf 89' lang='lat'><strong>36.</strong></span> <span class='ocrx_word' id='word_1_612' title='bbox 2082 2804 2113 2828; x_wconf 91' lang='lat' dir='ltr'><strong>ln</strong></span> <span class='ocrx_word' id='word_1_613' title='bbox 2126 2809 2176 2828; x_wconf 72' lang='lat' dir='ltr'><strong>on.</strong></span> <span class='ocrx_word' id='word_1_614' title='bbox 2189 2803 2217 2827; x_wconf 86' lang='lat' dir='ltr'><em>P</em></span> 
     </span>
     <span class='ocr_line' id='line_1_50' title="bbox 374 2845 1222 2879; baseline 0 -8"><span class='ocrx_word' id='word_1_615' title='bbox 374 2860 408 2864; x_wconf 84' lang='lat'>—</span> <span class='ocrx_word' id='word_1_616' title='bbox 427 2853 469 2879; x_wconf 83' lang='lat'><strong>37.</strong></span> <span class='ocrx_word' id='word_1_617' title='bbox 489 2847 687 2879; x_wconf 80' lang='lat' dir='ltr'><strong>praevalebant</strong></span> <span class='ocrx_word' id='word_1_618' title='bbox 706 2847 772 2871; x_wconf 90' lang='lat' dir='ltr'><strong>BD</strong></span> <span class='ocrx_word' id='word_1_619' title='bbox 790 2861 822 2865; x_wconf 92' lang='lat'>—</span> <span class='ocrx_word' id='word_1_620' title='bbox 841 2845 885 2878; x_wconf 89' lang='lat'><strong>38.</strong></span> <span class='ocrx_word' id='word_1_621' title='bbox 906 2847 1032 2870; x_wconf 81' lang='lat' dir='ltr'><strong>incurrit.</strong></span> <span class='ocrx_word' id='word_1_622' title='bbox 1070 2846 1136 2871; x_wconf 89' lang='lat' dir='ltr'><strong>Tali</strong></span> <span class='ocrx_word' id='word_1_623' title='bbox 1158 2848 1222 2871; x_wconf 89' lang='lat' dir='ltr'><strong>BI)</strong></span> 
     </span>
    </p>
   </div>
   <div class='ocr_carea' id='block_1_10' title="bbox 374 2514 2314 3280">
    <p class='ocr_par' dir='ltr' id='par_1_14' title="bbox 2306 2514 2314 2803">
     <span class='ocr_line' id='line_1_51' title="bbox 2308 2514 2314 2560; baseline 0 -9"><span class='ocrx_word' id='word_1_624' title='bbox 2308 2514 2314 2560; x_wconf 71' lang='lat' dir='ltr'><strong>l</strong></span> 
     </span>
     <span class='ocr_line' id='line_1_52' title="bbox 2303 2581 2314 2625; baseline 0 -2"><span class='ocrx_word' id='word_1_625' title='bbox 2303 2581 2314 2625; x_wconf 71' lang='lat' dir='ltr'><strong>fl</strong></span> 
     </span>
     <span class='ocr_line' id='line_1_53' title="bbox 2310 2630 2314 2673; baseline 0 -17"><span class='ocrx_word' id='word_1_626' title='bbox 2310 2630 2314 2673; x_wconf 77' lang='lat' dir='ltr'><strong>l</strong></span> 
     </span>
     <span class='ocr_line' id='line_1_54' title="bbox 2308 2675 2314 2712; baseline 0 0"><span class='ocrx_word' id='word_1_627' title='bbox 2308 2675 2314 2712; x_wconf 64' lang='lat' dir='ltr'><strong>i</strong></span> 
     </span>
     <span class='ocr_line' id='line_1_55' title="bbox 2306 2713 2314 2774; baseline 0 0"><span class='ocrx_word' id='word_1_628' title='bbox 2306 2713 2314 2774; x_wconf 68' lang='grc' dir='ltr'><em>ἒ</em></span> 
     </span>
     <span class='ocr_line' id='line_1_56' title="bbox 2310 2789 2314 2803; baseline 0 0"><span class='ocrx_word' id='word_1_629' title='bbox 2310 2789 2314 2803; x_wconf 88' lang='grc'><strong>1</strong></span> 
     </span>
    </p>

    <p class='ocr_par' dir='ltr' id='par_1_15' title="bbox 374 2897 2314 3280">
     <span class='ocr_line' id='line_1_57' title="bbox 463 2897 2314 2983; baseline 0 -11"><span class='ocrx_word' id='word_1_630' title='bbox 463 2948 469 2963; x_wconf 89' lang='lat'>¹</span> <span class='ocrx_word' id='word_1_631' title='bbox 491 2939 512 2972; x_wconf 56' lang='lat' dir='ltr'><strong>p}</strong></span> <span class='ocrx_word' id='word_1_632' title='bbox 532 2949 558 2973; x_wconf 90' lang='lat' dir='ltr'><strong>la</strong></span> <span class='ocrx_word' id='word_1_633' title='bbox 578 2949 663 2981; x_wconf 80' lang='lat' dir='ltr'><strong>lycosa</strong></span> <span class='ocrx_word' id='word_1_634' title='bbox 686 2949 822 2974; x_wconf 75' lang='lat' dir='ltr'><strong>tarentula</strong></span> <span class='ocrx_word' id='word_1_635' title='bbox 847 2949 884 2973; x_wconf 91' lang='lat' dir='ltr'><strong>od</strong></span> <span class='ocrx_word' id='word_1_636' title='bbox 908 2956 1007 2973; x_wconf 77' lang='lat' dir='ltr'><strong>aranea</strong></span> <span class='ocrx_word' id='word_1_637' title='bbox 1030 2949 1166 2972; x_wconf 73' lang='lat' dir='ltr'><strong>tarentula</strong></span> <span class='ocrx_word' id='word_1_638' title='bbox 1191 2950 1265 2974; x_wconf 88' lang='lat' dir='ltr'><strong>delle</strong></span> <span class='ocrx_word' id='word_1_639' title='bbox 1320 2953 1359 2979; x_wconf 83' lang='lat' dir='ltr'><strong>ta,</strong></span> <span class='ocrx_word' id='word_1_640' title='bbox 1380 2952 1438 2976; x_wconf 87' lang='lat' dir='ltr'><strong>alla</strong></span> <span class='ocrx_word' id='word_1_641' title='bbox 1458 2954 1544 2976; x_wconf 84' lang='lat' dir='ltr'><strong>stessa</strong></span> <span class='ocrx_word' id='word_1_642' title='bbox 1563 2953 1644 2983; x_wconf 88' lang='lat' dir='ltr'><strong>guisa</strong></span> <span class='ocrx_word' id='word_1_643' title='bbox 1664 2951 1708 2976; x_wconf 87' lang='lat' dir='ltr'><strong>del</strong></span> <span class='ocrx_word' id='word_1_644' title='bbox 1728 2951 1776 2980; x_wconf 89' lang='lat' dir='ltr'><strong>M.,</strong></span> <span class='ocrx_word' id='word_1_645' title='bbox 1796 2953 1804 2975; x_wconf 91' lang='lat' dir='ltr'><strong>i</strong></span> <span class='ocrx_word' id='word_1_646' title='bbox 1825 2951 1947 2975; x_wconf 83' lang='lat' dir='ltr'><strong>disturbi</strong></span> <span class='ocrx_word' id='word_1_647' title='bbox 1964 2950 2008 2974; x_wconf 89' lang='lat' dir='ltr'><strong>cui</strong></span> <span class='ocrx_word' id='word_1_648' title='bbox 2023 2949 2049 2973; x_wconf 92' lang='lat' dir='ltr'><strong>le</strong></span> <span class='ocrx_word' id='word_1_649' title='bbox 2069 2948 2142 2974; x_wconf 80' lang='lat' dir='ltr'><strong>armi</strong></span> <span class='ocrx_word' id='word_1_650' title='bbox 2161 2949 2214 2972; x_wconf 87' lang='lat' dir='ltr'><strong>crl-</strong></span> <span class='ocrx_word' id='word_1_651' title='bbox 2307 2897 2314 2972; x_wconf 72' lang='grc'><strong>,1</strong></span> 
     </span>
     <span class='ocr_line' id='line_1_58' title="bbox 374 2988 2278 3025; baseline 0 -11"><span class='ocrx_word' id='word_1_652' title='bbox 374 2998 443 3014; x_wconf 89' lang='lat' dir='ltr'><strong>zone</strong></span> <span class='ocrx_word' id='word_1_653' title='bbox 462 2991 540 3015; x_wconf 84' lang='lat' dir='ltr'><strong>aride</strong></span> <span class='ocrx_word' id='word_1_654' title='bbox 559 2992 591 3015; x_wconf 90' lang='lat' dir='ltr'><strong>ed</strong></span> <span class='ocrx_word' id='word_1_655' title='bbox 613 2991 717 3016; x_wconf 87' lang='lat' dir='ltr'><strong>incolte</strong></span> <span class='ocrx_word' id='word_1_656' title='bbox 736 2991 918 3024; x_wconf 85' lang='lat' dir='ltr'><strong>dell&#39;Europa</strong></span> <span class='ocrx_word' id='word_1_657' title='bbox 942 2990 1138 3016; x_wconf 85' lang='lat' dir='ltr'><strong>meridionale.</strong></span> <span class='ocrx_word' id='word_1_658' title='bbox 1177 2990 1263 3020; x_wconf 80' lang='lat' dir='ltr'><strong>Qual-</strong></span> <span class='ocrx_word' id='word_1_659' title='bbox 1321 2994 1412 3018; x_wconf 86' lang='lat' dir='ltr'><strong>stiane</strong></span> <span class='ocrx_word' id='word_1_660' title='bbox 1431 2994 1579 3018; x_wconf 80' lang='lat' dir='ltr'><strong>andarono</strong></span> <span class='ocrx_word' id='word_1_661' title='bbox 1599 2994 1733 3018; x_wconf 84' lang='lat' dir='ltr'><strong>incontro</strong></span> <span class='ocrx_word' id='word_1_662' title='bbox 1753 3001 1802 3025; x_wconf 90' lang='lat' dir='ltr'><strong>per</strong></span> <span class='ocrx_word' id='word_1_663' title='bbox 1821 2988 1847 3017; x_wconf 84' lang='lat' dir='ltr'><strong>le</strong></span> <span class='ocrx_word' id='word_1_664' title='bbox 1860 2994 1982 3025; x_wconf 83' lang='lat' dir='ltr'><strong>punture</strong></span> <span class='ocrx_word' id='word_1_665' title='bbox 1995 2992 2025 3016; x_wconf 87' lang='lat' dir='ltr'><strong>di</strong></span> <span class='ocrx_word' id='word_1_666' title='bbox 2039 2991 2138 3015; x_wconf 75' lang='lat' dir='ltr'><strong>siffatti</strong></span> <span class='ocrx_word' id='word_1_667' title='bbox 2153 2991 2215 3015; x_wconf 80' lang='lat' dir='ltr'><strong>anl-</strong></span> <span class='ocrx_word' id='word_1_668' title='bbox 2245 2994 2278 3012; x_wconf 86' lang='lat'><strong>10</strong></span> 
     </span>
     <span class='ocr_line' id='line_1_59' title="bbox 374 2999 2314 3106; baseline 0.002 -49"><span class='ocrx_word' id='word_1_669' title='bbox 374 3033 424 3056; x_wconf 83' lang='lat' dir='ltr'><strong>che</strong></span> <span class='ocrx_word' id='word_1_670' title='bbox 442 3033 569 3058; x_wconf 84' lang='lat' dir='ltr'><strong>cronista</strong></span> <span class='ocrx_word' id='word_1_671' title='bbox 583 3033 657 3058; x_wconf 86' lang='lat' dir='ltr'><strong>delle</strong></span> <span class='ocrx_word' id='word_1_672' title='bbox 670 3032 813 3063; x_wconf 82' lang='lat' dir='ltr'><strong>Crociate,</strong></span> <span class='ocrx_word' id='word_1_673' title='bbox 827 3041 906 3058; x_wconf 89' lang='lat' dir='ltr'><strong>come</strong></span> <span class='ocrx_word' id='word_1_674' title='bbox 918 3034 1038 3058; x_wconf 85' lang='lat' dir='ltr'><strong>Alberto</strong></span> <span class='ocrx_word' id='word_1_675' title='bbox 1052 3033 1266 3065; x_wconf 73' lang='lat' dir='ltr'><strong>d’Atx‚1amen-</strong></span> <span class='ocrx_word' id='word_1_676' title='bbox 1322 3036 1400 3066; x_wconf 83' lang='lat' dir='ltr'><strong>mali;</strong></span> <span class='ocrx_word' id='word_1_677' title='bbox 1421 3034 1480 3060; x_wconf 75' lang='lat' dir='ltr'><strong>cosi</strong></span> <span class='ocrx_word' id='word_1_678' title='bbox 1501 3044 1515 3060; x_wconf 86' lang='lat' dir='ltr'><strong>a</strong></span> <span class='ocrx_word' id='word_1_679' title='bbox 1537 3036 1642 3066; x_wconf 81' lang='lat' dir='ltr'><strong>Beimt,</strong></span> <span class='ocrx_word' id='word_1_680' title='bbox 1662 3043 1678 3061; x_wconf 87' lang='lat' dir='ltr'><strong>a</strong></span> <span class='ocrx_word' id='word_1_681' title='bbox 1699 3036 1814 3065; x_wconf 88' lang='lat' dir='ltr'><strong>Sidone,</strong></span> <span class='ocrx_word' id='word_1_682' title='bbox 1834 3043 1889 3060; x_wconf 87' lang='lat' dir='ltr'><strong>ecc.</strong></span> <span class='ocrx_word' id='word_1_683' title='bbox 2303 2999 2314 3106; x_wconf 63' lang='grc' dir='ltr'>ἰ</span> 
     </span>
     <span class='ocr_line' id='line_1_60' title="bbox 2303 3107 2314 3280; baseline 0 0"><span class='ocrx_word' id='word_1_684' title='bbox 2303 3107 2314 3280; x_wconf 74' lang='lat' dir='ltr'><strong>l</strong></span> 
     </span>
    </p>
   </div>
   <div class='ocr_carea' id='block_1_11' title="bbox 2307 3359 2314 3402">
    <p class='ocr_par' dir='ltr' id='par_1_16' title="bbox 2307 3359 2314 3402">
     <span class='ocr_line' id='line_1_61' title="bbox 2307 3359 2314 3402; baseline -0.429 0"><span class='ocrx_word' id='word_1_685' title='bbox 2307 3359 2314 3402; x_wconf 37' lang='lat' dir='ltr'><strong>xl</strong></span> 
     </span>
    </p>
   </div>
  </div>
 </body>
</html>
