2314 3418
143 343 237 384 bant,
258 341 408 376 Adalam
430 342 582 382 nomine,
606 343 649 376 de
673 353 741 387 qua
756 342 900 375 duarum
915 341 1072 375 sobolum
1087 346 1187 383 pater
1202 340 1381 379 existebat,
1397 341 1490 383 apud
1507 340 1662 379 Melfam,
1679 339 1827 383 Apuliae
1842 340 1974 379 urbem,

139 395 239 430 febre
263 401 452 439 correptus,
474 395 625 439 graviter
646 394 880 439 torquebatur,
903 404 994 428 anno
1016 393 1127 427 Verbi
1150 394 1319 427 incarnati
1341 393 1510 426 MXCIII.
1555 392 1682 426 Morbo
1711 394 1829 437 itaque
1860 393 1975 439 ingra-

141 454 314 488 vescente,
335 449 405 492 jam
427 459 539 491 paene
559 447 719 481 vitalibus
741 447 949 487 interclusis,
973 458 1052 480 cum
1074 446 1158 490 ipsis
1172 447 1210 479 in
1224 446 1380 490 partibus
1394 446 1589 489 peritissimi
1611 446 1741 479 medici
1764 451 1976 484 attestantur,

51 527 62 538 2
141 501 192 536 sic
212 507 337 535 natura
360 507 480 535 contra
502 511 600 534 usum
624 500 771 534 attonita
794 499 989 539 oberrabat,
1018 505 1055 532 ut
1084 499 1129 533 ab
1159 499 1243 542 ipsis
1272 499 1417 533 medicis
1447 509 1512 532 nec
1542 499 1652 542 pulsu,
1685 509 1750 533 nec
1781 498 1891 537 urina,
1913 498 1975 531 sed

52 581 55 586 ,
99 553 118 587 5
141 563 256 597 neque
279 554 354 587 aliis
375 554 676 598 prognosticorum
698 552 838 586 indiciis
860 553 1065 586 infirmitatis
1094 552 1336 586 determinatio
1366 558 1483 595 posset
1514 551 1774 595 comprehendi.
1821 550 1902 589 Qua
1933 551 1977 583 de

142 616 181 641 re
202 616 282 640 cum
306 608 350 641 de
373 608 452 651 ipso
475 608 578 640 etiam
601 607 645 640 ab
665 608 750 651 ipsis
772 606 918 640 medicis
941 606 1118 650 desperari
1140 606 1324 645 videretur,
1348 605 1452 645 fama,
1476 606 1572 650 quasi
1594 606 1663 650 jam
1694 605 1846 644 obiisset,
1868 610 1976 638 totam

141 660 304 704 Apuliam
327 662 390 696 sed
413 667 448 694 et
469 661 664 695 Calabriam
687 661 848 695 turbavit.

229 714 282 747 Ea
302 720 510 758 tempestate
534 715 753 749 Boamundus
774 715 869 758 apud
890 714 1085 747 Calabriam
1107 713 1314 747 morabatur.
1362 712 1443 753 Qui,
1470 725 1547 747 cum
1578 714 1730 753 fratrem,
1761 714 1855 746 sama
1885 712 1978 745 refe-

55 812 58 813 7
141 773 251 806 rente,
271 768 340 812 jam
364 768 477 802 obisse
500 768 660 808 audisset,
683 767 856 808 credulus,
879 774 1002 806 castra,
1026 777 1114 811 quae
1135 766 1219 810 juris
1241 767 1357 801 fratris
1371 767 1544 806 fuerant,
1534 777 1738 809 irrumpens,
1754 766 1978 799 sacramentis

69 821 121 863 m
141 820 207 854 sibi
230 821 482 855 confoederare
504 821 705 865 persuadet.
728 821 776 854 ita
799 827 911 854 tamen
934 820 1142 860 discernens,
1164 826 1213 860 ut,
1236 820 1266 853 si
1288 821 1406 859 frater,
1430 820 1525 863 quod
1547 830 1583 853 se
1606 819 1700 852 nolle
1715 818 1979 862 protestabatur,

59 873 62 876 ’
139 873 209 918 jam
231 874 382 915 obiisset,
405 875 501 908 salva
523 875 688 908 fidelitate
719 874 880 918 legalium
910 874 1099 907 haeredum
1128 884 1277 912 suorum,
1300 873 1466 907 videlicet
1488 873 1617 912 fratris,
1648 871 1724 911 sibi,
1755 873 1853 916 quasi
1883 871 1978 906 fideli

140 928 330 961 eorundem
351 929 542 962 haeredum
563 934 698 972 patruo,
720 938 828 971 usque
852 927 898 960 ad
920 926 1174 971 intelligibilem
1196 932 1354 964 aetatem,
1378 937 1445 969 qua
1460 926 1526 968 ipsi
1541 926 1693 970 legitime
1708 931 1834 959 terram
1857 935 1980 971 regere

142 987 406 1024 cognoscerent,
428 981 548 1015 fideles
576 981 808 1024 persisterent.
853 979 980 1013 Comes
1010 985 1123 1013 autem
1153 980 1338 1023 Rogefius,
1364 990 1442 1012 eum
1464 979 1547 1012 talia
1570 979 1689 1012 tacere
1711 979 1866 1018 audiens,
1890 978 1978 1012 indi-

49 1097 61 1136 7
79 1085 118 1119 15
142 1087 234 1120 hanc
258 1087 458 1121 fidelitatem
480 1089 624 1120 honeste
647 1086 849 1120 discernens
869 1086 1072 1128 susciperet,
1094 1085 1198 1128 pictis
1220 1085 1337 1118 verbis
1358 1086 1518 1118 fraudem
1542 1085 1730 1123 occultans,
1754 1086 1789 1118 in
1805 1091 1978 1128 posterum

142 1145 265 1174 contra
286 1147 440 1184 nepotes,
463 1140 650 1174 ambitione
673 1146 804 1183 captus,
827 1139 958 1183 aliquid
980 1138 1113 1172 fraudis
1135 1139 1404 1178 machinaretur,
1428 1150 1447 1171 a
1471 1140 1542 1172 suis
1565 1140 1699 1183 insequi
1716 1139 1981 1182 praecipiens,a

142 1198 213 1227 tota
239 1193 402 1228 Calabria
425 1200 530 1227 arcet.

228 1291 325 1325 XXI.
350 1310 391 1316 —
414 1291 535 1324 Plures
558 1291 669 1329 etiam,
693 1291 809 1324 audita
831 1291 925 1323 fama
940 1290 1059 1324 mortis
1074 1291 1184 1329 ducis,
1200 1291 1236 1322 in
1251 1291 1468 1324 insolentiam
1484 1296 1759 1333 prorumpentes,
1775 1291 1819 1323 de
1835 1290 1980 1335 iis‘quae

142 1346 224 1379 duci
246 1345 499 1388 competebant,
523 1344 756 1384 distrahendo,
779 1344 842 1377 sibi
866 1354 1031 1386 usurpare
1053 1343 1293 1377 moliebantur.
1338 1344 1441 1376 Unde
1465 1351 1500 1377 et
1531 1344 1733 1377 Guillelmus
1764 1345 1808 1377 de
1833 1344 1980 1377 Grante-

56 1399 118 1431 120
141 1398 246 1432 manil
259 1399 280 1436 ¹,
304 1409 435 1431 summa
456 1398 645 1440 cupiditate
667 1403 858 1440 correptus,
881 1397 918 1429 in
940 1397 1157 1430 insolentiam
1180 1397 1343 1439 proclivis
1366 1397 1554 1437 declinans,
1571 1397 1774 1436 Rossanam,
1797 1397 1978 1430 Calabriae

46 1443 60 1450 ⁶
141 1451 274 1491 urbem,
295 1451 490 1494 pervadens
511 1451 634 1484 intrat:
659 1451 780 1484 dicens
801 1450 867 1483 sibi
887 1451 963 1495 J'ure
987 1456 1197 1493 competere,
1221 1456 1258 1483 ut
1280 1451 1339 1494 qui
1363 1461 1516 1483 sororem
1547 1451 1656 1489 ducis,
1683 1450 1784 1482 filiam
1817 1450 1982 1483 videlicet

141 1504 339 1545 Guiscardi,
360 1504 541 1537 Mabiliam
562 1504 714 1543 nomine,
736 1514 879 1536 uxorem
895 1503 1056 1543 habebat,
1071 1503 1296 1536 haereditatis
1311 1514 1448 1547 quoque
1464 1505 1641 1546 particeps
1656 1504 1763 1536 fieret.
1809 1503 1869 1536 Sic
1893 1515 1981 1547 quae

142 1557 241 1591 ducis
262 1558 412 1596 fuerant,
433 1562 575 1600 propter
598 1556 870 1590 imbecillitatem
900 1556 1100 1594 haeredum,
1124 1557 1270 1600 quisque
1296 1562 1445 1599 quantae
1475 1557 1556 1589 fidei
1581 1566 1663 1600 erga
1691 1557 1785 1599 ipsos
1809 1557 1980 1589 haeredes

51 1644 64 1654 γ,
141 1611 239 1644 fieret
260 1617 445 1650 ostentans,
467 1610 536 1643 sibi
558 1610 783 1643 distrahendo
805 1609 1002 1653 usurpabat.

51 1697 55 1701 ,
77 1662 119 1696 25
230 1663 303 1697 Sed
325 1669 459 1702 natura,
482 1672 572 1708 quae
594 1663 663 1708 jam
687 1663 746 1697 diu
769 1664 953 1708 peregrina
968 1662 1198 1702 oberraverat,
1213 1663 1249 1695 in
1265 1663 1318 1695 sui
1333 1663 1417 1707 juris
1432 1663 1677 1706 proprietatem
1693 1673 1843 1701 reversa,
1860 1669 1982 1696 contra

141 1727 238 1761 spem
259 1718 474 1751 medicorum
499 1717 684 1751 convalere
706 1716 840 1761 incipit.
885 1715 1015 1760 Sicque
1036 1718 1183 1750 sanitate
1215 1716 1332 1750 diatim
1365 1723 1600 1755 excrescente,
1633 1718 1677 1750 ad
1707 1717 1881 1762 integrum
1912 1717 1983 1759 pri-

140 1770 251 1804 atinae
273 1771 452 1804 restitutus
474 1776 528 1803 est
549 1770 697 1804 sanitati.
743 1769 849 1809 Quod
871 1770 1093 1803 Boamundus
1115 1770 1272 1808 audiens,
1295 1779 1421 1813 magna
1442 1769 1567 1802 mentis
1590 1770 1768 1803 alacritate
1791 1769 1899 1808 Melfi,
1922 1769 1982 1801 ubi

142 1823 284 1858 fratrem
307 1834 381 1857 esse
404 1823 547 1863 sciebat,
571 1824 615 1857 de
637 1824 712 1856 eius
734 1823 889 1856 sanitatis
910 1823 1173 1866 recuperatione
1199 1823 1443 1867 congavisurus
1466 1823 1626 1861 occurrit,
1654 1829 1778 1861 castra,
1802 1833 1891 1866 quae
1915 1823 1980 1855 sibi

141 1877 465 1920 confoederaverat,
489 1877 662 1916 reddens3
686 1887 776 1920 quae
800 1877 945 1915 fecerat,
967 1887 1039 1909 non
1060 1877 1130 1921 jam
1153 1876 1272 1909 dolose
1295 1876 1422 1909 fecisse
1446 1877 1608 1910 ostendit.

55 1929 120 1963 230
229 1929 340 1964 Porro
363 1930 568 1964 Guillelmus
589 1931 633 1964 de
658 1929 908 1970 Grantemanil,
931 1930 1024 1973 turpi
1046 1929 1180 1962 illectus
1201 1928 1371 1969 avaritia,'
1395 1939 1462 1962 nec
1484 1929 1529 1962 de
1557 1930 1687 1963 domini
1709 1930 1762 1962 sui
1792 1940 1978 1972 recupera-

70 1980 73 1981 ’
140 1983 232 2016 tione
254 1983 410 2016 sanitatis
432 1983 688 2028 congavisurus,
712 1993 791 2023 nec,
813 1982 862 2016 ut'
884 1983 1016 2021 urbem,
1039 1993 1143 2026 quam
1165 1988 1378 2025 pervaserat,
1402 1983 1537 2023 reddat,
1560 1983 1728 2016 accedere
1757 1984 1901 2021 curavit,
1917 1983 1979 2015 sed

141 2036 330 2080 impudenti
353 2036 469 2070 fronte
491 2037 652 2070 fraudem
674 2041 862 2074 ostentans,
884 2035 1031 2069 eandem
1052 2035 1173 2069 urbem
1196 2046 1260 2079 pro
1282 2045 1386 2078 posse
1399 2035 1567 2076 muniens,
1583 2042 1705 2069 contra
1719 2038 1829 2079 ipsum
1846 2036 1982 2074 ducem,

141 2090 171 2123 si
192 2089 284 2123 forte
305 2089 511 2133 impugnare
533 2095 727 2129 attentaret,
751 2089 908 2123 armavit.
953 2089 1078 2123 Comes
1100 2094 1215 2122 autem
1231 2089 1415 2132 Rogerius‚
1431 2100 1536 2132 super
1551 2089 1617 2122 hac
1634 2101 1670 2121 re
1686 2089 1869 2132 plurimum
1892 2089 1983 2122 indi-

69 2188 72 2189 7
141 2149 274 2188 gnatus,
296 2149 424 2183 tamen,
447 2148 486 2176 ut
507 2143 643 2186 sapiens
669 2143 722 2175 vir
753 2161 794 2166 —
826 2143 908 2188 quia
935 2142 1050 2186 neptis
1080 2142 1221 2175 maritus
1252 2147 1326 2175 erat·
1356 2161 1399 2166 —
1429 2142 1545 2186 legato
1576 2143 1622 2176 ad
1651 2143 1763 2185 ipsum
1794 2143 1906 2181 misso,
1938 2142 1982 2175 ad

1 2223 3 2226 ⁴
69 2194 119 2229 ’35
140 2195 456 2230 reconciliationem
487 2202 609 2230 contra
638 2196 818 2229 dominum
847 2207 945 2228 suum
975 2195 1094 2229 urbem
1123 2195 1304 2229 reddendo
1334 2196 1502 2229 hortatur.
1547 2195 1605 2235 At,
1637 2197 1718 2229 dnm
1742 2196 1983 2229 blandimentis

60 2243 63 2250 ⁴
142 2249 253 2282 minus
280 2248 469 2292 praevalet,
492 2249 530 2282 in
551 2250 638 2282 iram
660 2254 752 2282 totus
774 2258 1013 2292 prorumpens,
1044 2248 1134 2291 jurat
1164 2259 1201 2282 se
1232 2254 1267 2282 et
1296 2249 1428 2287 urbem,
1460 2260 1563 2293 quam
1593 2249 1753 2293 nequiter
1774 2255 1984 2291 pervaserat,

141 2302 345 2341 ablaturum,
369 2308 404 2335 et
426 2303 551 2342 omnia,
574 2313 663 2354 quae
688 2313 732 2335 ex
753 2302 895 2336 licentia
919 2302 1018 2336 ducis
1041 2307 1120 2335 ante
1142 2308 1309 2341 tenuerat,
1335 2302 1570 2336 exhaeredato
1592 2301 1816 2335 sublaturum.

66 2452 76 2457 .
230 2409 344 2444 xxu.
369 2427 411 2434 ——
435 2410 564 2454 Sicque
587 2410 703 2452 potius
724 2392 800 2453 ipse
825 2410 950 2443 ducem
974 2409 1021 2442 ad
1042 2409 1299 2452 expeditionem
1326 2419 1430 2452 super
1461 2409 1684 2443 Guillelmum
1714 2420 1850 2453 urgens,
1882 2419 1985 2452 quam

63 2468 89 2502 J
143 2462 218 2507 ipse
232 2475 254 2498 a
267 2464 357 2498 duce
372 2464 416 2497 ad
432 2463 589 2507 injuriam
604 2463 839 2496 ulciscendam
855 2462 1127 2500 submoveretur,
1144 2462 1298 2496 exercitu
1315 2461 1465 2501 admoto,
1481 2463 1525 2496 ab
1540 2462 1694 2507 utrisque
1713 2462 1961 2495 Casiri-villam
1973 2461 1985 2479 ²

239 2605 260 2623 ι.
278 2598 397 2624 Malfam
414 2598 477 2623 BD
496 2611 529 2616 —
549 2604 573 2623 2.
592 2599 694 2623 acriter
714 2597 776 2624 PC
790 2610 825 2615 —
843 2604 868 2630 3.
889 2595 1039 2631 vitalibus]
1060 2598 1090 2621 in
1110 2597 1215 2622 talibus
1240 2598 1305 2623 BD
1322 2610 1333 2616 -
1353 2598 1423 2630 ipsis
1442 2598 1470 2622 P
1487 2611 1519 2614 —
1539 2606 1564 2629 4.
1584 2598 1623 2622 sic
1642 2605 1692 2622 om.
1711 2598 1738 2622 P
1752 2609 1783 2615 -
1805 2602 1827 2629 5.
1842 2597 1985 2630 pronosti-

150 2646 246 2665 corum
262 2640 291 2667 P
306 2653 316 2659 ·
335 2640 485 2665 infirmitas
504 2640 692 2665 determinata
711 2640 739 2665 Ρ
755 2653 787 2658 -
807 2638 832 2663 6.
851 2639 966 2664 videtur
991 2640 1051 2666 Pe
1073 2652 1106 2657 —
1134 2646 1176 2664 10.
1202 2639 1245 2672 ut]
1263 2639 1340 2673 quod
1359 2640 1425 2664 BD
1444 2654 1475 2657 —
1499 2646 1585 2664 11-12.
1604 2639 1685 2671 quasi
1704 2639 1822 2664 eundem
1841 2639 1987 2663 haeredem

150 2683 269 2715 paterno
286 2682 451 2715 fideliusque
469 2683 503 2707 ad
523 2682 588 2707 BD
606 2695 639 2700 —-
660 2689 702 2714 14.
720 2683 877 2707 commotus
896 2682 925 2706 P
940 2694 951 2700 -
973 2682 1062 2706 facere
1084 2689 1133 2706 om.
1151 2681 1212 2706 PC
1229 2694 1261 2700 —-
1283 2686 1324 2713 15.
1345 2682 1485 2714 fraudem]
1511 2689 1607 2714 pacem
1626 2682 1689 2706 BD
1708 2695 1741 2699 -—
1770 2687 1860 2714 19-20.
1882 2680 1986 2706 Grant-

25 2744 26 2747 ,
71 2739 76 2762 3
151 2725 261 2750 msnlol
278 2726 315 2754 P;
333 2724 537 2750 Grandemanil
555 2724 594 2754 B}
613 2722 823 2749 Grandemsnis
841 2724 869 2748 D
887 2726 978 2755 questa
995 2723 1121 2748 diversi&
1139 2724 1171 2748 dt
1186 2724 1367 2752 trasm'sione,
1386 2731 1503 2753 erronea,
1516 2725 1566 2755 qui
1582 2731 1595 2747 e
1613 2726 1733 2755 appresso
1748 2738 1779 2742 —
1794 2730 1837 2747 20.
1851 2724 1987 2756 cupidine

0 2758 3 2765 ⁷
24 2759 32 2779 3⁴
67 2781 83 2798 a„
106 2771 122 2799 ,ς
149 2766 211 2792 1²⁶·
226 2779 238 2786 -
255 2766 397 2792 Rossnsm
415 2767 442 2791 B
460 2780 493 2785 —
513 2773 555 2791 21.
574 2766 709 2791 videlicet
726 2773 775 2791 om.
796 2766 855 2791 Pc·
879 2778 907 2784 -
926 2771 969 2791 22.
993 2765 1231 2798 haereditatisque
1250 2767 1311 2791 PC
1334 2779 1366 2784 —
1386 2772 1428 2797 ²4·
1447 2764 1505 2798 Sic]
1524 2766 1576 2790 Sed
1597 2765 1659 2790 BD
1683 2778 1718 2783 -·
1744 2771 1833 2797 23-24.
1857 2765 1988 2790 haeredes

25 2800 31 2843 s
151 2807 228 2834 fovit
244 2809 307 2834 BD
326 2821 359 2828 —-
378 2807 421 2834 28.
440 2810 519 2834 culus
539 2809 605 2833 BD
623 2821 656 2827 —
676 2814 718 2841 ²9-
737 2808 794 2832 sibl
813 2807 926 2837 fecerat.
945 2808 1002 2841 jam
1023 2815 1079 2832 non
1100 2807 1199 2832 fecisse
1223 2808 1288 2832 BD
1307 2821 1339 2826 —
1359 2815 1400 2839 30.
1426 2805 1548 2840 illectus]
1575 2808 1673 2832 ductus
1700 2807 1724 2831 B
1752 2820 1784 2825 —
1804 2814 1846 2839 31.
1871 2807 1990 2832 reddens

84 2857 88 2878 ἐ
140 2850 169 2876 Ρ
183 2863 217 2870 -
235 2857 277 2884 37.
295 2849 477 2884 exheredato]
497 2851 525 2875 et
543 2851 596 2875 hoc
616 2850 684 2875 dato
702 2850 766 2874 BD
784 2863 817 2868 —-
836 2856 879 2882 39.
899 2849 1128 2874 adulclscendum
1146 2850 1210 2875 BD

240 2951 250 2969 ¹
268 2953 280 2978 1
298 2952 497 2979 Grantemsnll
517 2961 534 2977 ο
552 2951 776 2982 Grantemasnn.
794 2959 872 2977 come
897 2953 908 2976 l
932 2951 1040 2981 Falloc.
1094 2960 1197 2978 manne
1215 2953 1351 2986 emlgrate
1372 2952 1519 2977 nell‘Italla
1540 2951 1736 2977 meridionale.

155 2994 333 3024 lLoretello‚
351 3003 415 3025 ecc„
435 3003 505 3021 sono
524 3003 582 3020 una
606 2995 681 3020 delle
707 2995 797 3027 prime
820 2994 949 3027 famlgne
975 3001 1039 3019 nor·
1182 2993 1194 3010 ¹
1214 2994 1426 3026 Castrovillari,
1448 2996 1476 3019 in
1497 3002 1579 3027 prov.
1599 2994 1629 3018 di
1650 2993 1785 3019 Cosenza.

52 1023 66 1042 ¹
93 1050 96 1055 ·
140 1034 305 1078 gnatione
327 1040 512 1077 permotus,
536 1034 631 1078 quod
654 1034 737 1066 talia
765 1043 803 1066 se
832 1033 1029 1066 inconsulto
1059 1033 1178 1065 facere
1208 1033 1486 1075 praesumpserit,
1517 1032 1644 1065 veritus
1676 1032 1791 1071 etiam,
1822 1031 1997 1075 quamvis.

2020 2960 2052 2978 10

2057 1940 2084 1962 Ι),
2102 1945 2162 1963 ‘5³'

2073 1993 2096 2015 C.
2112 1995 2159 2017 ⁴6⁴¹)
