2314 3418
212 398 216 407 ι
231 388 280 407 307

172 1825 249 1852 Mun..

331 2879 345 2905 5

373 250 444 285 120
1061 246 1319 283 ANNALES
1347 246 1516 283 SICULI
1910 253 1995 290 [ΛΑ.
2015 253 2212 290 1254-1205]

364 372 510 415 pessime
533 370 804 414 praevaluerunt
826 370 862 402 in
886 379 976 407 eum,
1000 369 1174 401 videlicet'
1197 368 1285 401 alios
1307 369 1530 407 interfecere,
1554 374 1588 402 et
1611 369 1698 403 alios
1718 370 1957 411 vulneravere,
1973 376 2008 404 et
2024 370 2111 403 alios
2132 380 2214 413 pro·-

365 426 546 463 ducerunt,
571 429 605 455 et
629 423 714 455 alios
736 423 834 455 vivos
850 428 1032 464 ceperunt,
1049 428 1083 454 et
1098 432 1220 464 parum
1238 432 1280 454 ex
1304 422 1354 454 eis
1378 428 1572 454 evaserunt.
1619 422 1705 454 Item
1728 433 1846 456 meuse
1862 424 1995 468 augusti
2011 423 2214 467 praedictae

365 478 522 511 decimae
545 476 669 508 tertiae
692 475 906 512 indictionis,
929 475 1134 507 universitas
1156 476 1339 507 Messanae
1363 474 1532 508 destruxit
1554 481 1681 508 terram
1704 475 1941 516 Tauormenii,
1965 487 2008 510 eo
2035 477 2130 520 quod
2153 488 2214 510 no-

363 531 456 563 lebat
479 529 649 562 oboedire
673 529 837 561 mandato
861 538 990 561 eorum.
1037 529 1123 560 Item
1154 528 1278 561 eodem
1310 539 1415 567 anno,
1445 538 1564 561 mense
1595 528 1748 562 octobris
1778 530 1935 563 decimae
1958 537 2102 573 quartae
2123 529 2215 563 indi-

365 583 499 620 ctionis,
522 582 728 615 universitas
749 581 932 614 Messanae
957 582 1051 614 misit
1074 581 1232 620 Romam,
1257 587 1291 614 et
1308 582 1411 626 elegit
1427 587 1634 624 potestatem
1651 581 1829 615 dominum
1843 583 2014 626 Jacobum
2029 584 2074 617 de
2090 583 2214 623 Ponte,

364 643 399 670 et
421 636 609 679 permansit
633 635 670 666 in
693 640 864 678 potestate
887 645 997 678 usque
1020 635 1066 666 ad
1089 635 1314 668 medietatem
1336 636 1464 667 mensis
1487 635 1581 678 maij,
1603 635 1805 678 praedictae
1828 636 2045 675 indictionis;
2077 643 2113 670 et
2136 647 2215 670 cum

363 700 406 723 eo
429 689 528 722 venit
550 688 709 722 dominus
731 689 883 732 Joannes
907 689 950 721 de
975 688 1190 731 Columpnis,
1213 689 1445 721 Messanensis
1469 688 1763 732 archiepiscopus,
1786 689 1907 722 missus
1922 701 1943 722 a
1957 690 2097 723 domino
2113 701 2215 734 papa.

452 743 538 775 Item
552 752 644 775 anno
656 742 795 774 Domini
807 741 993 775 MCCLIV
1007 741 1209 775 indictionis
1221 742 1378 775 decimae
1391 747 1544 785 quartae,
1557 753 1674 775 mense
1687 742 1819 785 aprilis,
1830 742 2002 776 Henricus
2018 743 2061 777 de
2076 743 2215 777 Abbate

365 808 445 829 cum
468 796 623 829 exercitu
640 795 752 828 Vallis
775 796 952 828 Mazariae
977 796 1070 838 cepit
1094 795 1301 828 Panormum
1318 801 1354 828 et
1369 796 1514 829 fratrem
1532 795 1698 829 Bosinum
1714 796 1864 840 legatum
1878 808 1886 828 :
1905 802 1940 830 et
1954 802 2029 830 tota
2044 796 2166 830 Sicilia
2179 807 2217 830 se
2284 826 2286 828 ,

365 850 537 883 convertit
552 850 598 883 ad
615 849 886 882 dominationem
905 849 1035 881 domini
1051 849 1230 892 principis,
1246 855 1384 891 praeter
1399 848 1558 887 Platiam,
1574 849 1911 893 Castrum-Johannis
1934 856 1969 883 et
1990 849 2178 895 Aydonum
2193 851 2214 882 ¹.
2242 850 2255 883 1
2285 852 2296 886 ²33

452 903 539 936 Item
563 913 654 935 anno
677 902 817 935 Domini
839 901 1006 935 MCCLV
1028 902 1185 936 decimae
1209 903 1349 945 quintae
1372 902 1584 941 indictionis,
1608 912 1724 935 comes
1746 902 1946 936 Fridericus
1961 903 2103 936 Lancea
2124 903 2220 937 venit

362 957 510 991 vicarius
531 957 568 989 in
592 956 724 996 Sicilia,
749 962 783 989 et
807 956 1029 1000 congregatis
1053 955 1239 989 baronibus
1262 956 1455 996 Calabriae,
1478 955 1732 996 Vallis-Gratis,
1747 957 1882 989 Terrae
1904 957 2051 1001 Jordani
2066 963 2102 990 et
2116 958 2219 991 totius

365 1011 519 1048 Siciliae,
543 1010 606 1044 ivit
629 1021 708 1043 cum
730 1020 857 1055 magno
881 1010 1038 1043 exercitu
1067 1020 1172 1053 super
1202 1008 1361 1048 Platiam,
1393 1016 1427 1043 et
1457 1010 1594 1043 obsedit
1623 1015 1659 1043 et
1690 1010 1807 1053 coepit
1837 1011 1947 1054 ipsam
1977 1016 2014 1044 et
2043 1011 2218 1054 quandam

366 1064 593 1108 quantitatem
617 1064 793 1096 hominum
810 1063 918 1106 ipsius
932 1069 1045 1096 terrae
1061 1063 1249 1096 interfecit.
1295 1063 1340 1096 Et
1354 1069 1476 1106 postea
1490 1064 1552 1096 ivit
1567 1074 1671 1106 super
1686 1063 2030 1107 Castrum-Johannis
2045 1070 2081 1097 et
2095 1063 2217 1109 Aydo-
2293 1095 2296 1108 s

364 1129 457 1156 num,
470 1123 505 1151 et
515 1117 673 1150 homines
689 1117 888 1150 earumdem
904 1122 1074 1150 terrarum
1089 1123 1338 1150 converterunt
1351 1127 1389 1150 se
1406 1117 1451 1150 ad
1468 1117 1658 1150 dominium
1673 1117 1803 1150 domini
1827 1117 2006 1161 principis.
2038 1118 2078 1151 In
2092 1117 2217 1151 eodem
2245 1116 2296 1162 15¹·

364 1182 456 1205 anno
479 1171 547 1203 fuit
568 1170 772 1214 justitiarius
796 1170 980 1214 Philippus
1004 1171 1048 1204 de
1071 1170 1216 1203 Aterno.

453 1225 541 1258 Item
565 1235 657 1257 anno
682 1224 822 1257 Domini
844 1224 1030 1258 MCCLVI
1053 1224 1254 1257 indictionis
1277 1225 1419 1267 primae,
1451 1224 1518 1257 fuit
1546 1224 1748 1268 justitiarius
1772 1224 1913 1258 Siciliae
1944 1225 2144 1258 Bemardus
2173 1225 2219 1258 de

364 1278 580 1322 Aequaviva.
626 1278 667 1310 In
690 1278 816 1311 eodem
838 1288 931 1311 anno
953 1287 1072 1310 mense
1104 1278 1223 1320 aprilis
1252 1278 1385 1320 primae
1407 1277 1621 1316 indictionis,
1645 1278 1804 1310 dominus
1827 1278 1992 1321 princeps
2013 1278 2221 1312 Manfredus

364 1333 460 1365 venit
480 1332 688 1370 Messanam,
712 1338 748 1364 et
769 1338 891 1374 postea
912 1332 974 1364 ivit
996 1332 1215 1370 Panormum,
1233 1337 1266 1364 et
1282 1331 1330 1364 ibi
1354 1332 1441 1364 fecit
1464 1333 1670 1375 congregari
1693 1343 1814 1365 omnes
1836 1331 2010 1375 praelatos
2024 1337 2060 1365 et
2073 1331 2221 1365 barones

365 1386 466 1419 totius
488 1386 603 1429 regni3
627 1391 663 1418 et
686 1386 731 1418 ad
754 1385 961 1418 electionem
984 1395 1101 1418 eorum
1126 1385 1284 1418 dominus
1306 1385 1471 1427 princeps
1500 1385 1568 1418 fuit
1599 1391 1783 1418 coronatus
1813 1396 1876 1418 rex
1903 1383 2056 1425 Siciliae,
2080 1385 2219 1419 decimo
2242 1386 2286 1419 20

367 1439 425 1472 die
449 1439 576 1471 mensis
600 1438 735 1482 augusti
758 1439 892 1480 primae
914 1438 1126 1477 indictionis,
1150 1448 1228 1470 cum
1251 1437 1399 1470 maxima
1422 1438 1554 1471 laetitia
1577 1444 1612 1471 et
1635 1439 1845 1471 exultatione
1859 1438 1882 1471 ².

454 1493 542 1525 Item
564 1502 656 1524 anno
679 1492 821 1524 Domini
844 1491 1045 1525 MCCLVII
1067 1491 1269 1524 indictionis
1291 1492 1478 1530 secundae,
1503 1501 1621 1524 comes
1643 1491 1847 1525 Fridericus
1869 1492 2016 1526 Maletta
2037 1493 2134 1526 venit
2162 1503 2220 1527 ca-

367 1547 528 1590 pitaneus
550 1546 586 1578 in
609 1545 776 1583 Siciliam,
799 1551 835 1578 et
855 1545 1057 1588 justitiarius
1079 1545 1146 1578 fuit
1170 1545 1377 1578 Fredericus
1400 1546 1444 1578 de
1468 1545 1605 1578 Arenis.

457 1600 545 1632 Item
568 1609 660 1631 anno
682 1598 824 1631 Domini
846 1598 1063 1632 MCCLVIII
1086 1598 1290 1631 indictionis
1315 1599 1449 1637 tertiae,
1480 1610 1599 1632 mense
1630 1599 1722 1644 maij,
1755 1599 1944 1632 Gobbanus
1974 1599 2220 1634 Theutonicus

367 1653 545 1686 interfecit
568 1652 717 1685 eundem
742 1652 905 1684 comitem
930 1651 1145 1684 Fridericum
1168 1652 1351 1685 Malettam
1374 1658 1456 1684 ante
1478 1658 1630 1685 montem
1656 1653 1810 1696 Trapani
1823 1653 1846 1686 ³.
1892 1653 1937 1686 Et
1961 1653 2054 1687 idem
2078 1652 2219 1687 Gobba-
2243 1653 2286 1686 25

369 1718 433 1739 nus
455 1704 613 1739 ascendit
635 1706 671 1738 in
696 1705 856 1738 eumdem
880 1711 1043 1748 montem,
1068 1710 1103 1737 et
1117 1705 1192 1747 ipse
1208 1716 1277 1737 una
1292 1715 1370 1737 cum
1394 1706 1591 1738 hominibus
1614 1706 1722 1748 ipsius
1738 1706 1865 1739 montis
1881 1706 2084 1740 calcaneum
2105 1706 2219 1740 rebel-

368 1759 473 1792 lionis
508 1764 689 1791 erexerunt
719 1764 840 1791 contra
870 1758 1046 1790 dominum
1077 1769 1195 1802 regem
1226 1759 1462 1796 Mansredum,
1494 1764 1662 1801 negantes
1693 1769 1819 1792 nomen
1851 1760 1936 1804 ejus.
1981 1760 2027 1793 Et
2061 1759 2220 1793 dominus

367 1823 483 1847 comes
506 1812 715 1846 Fri'dericus
737 1811 878 1844 Lancea
905 1821 983 1844 cum
1008 1812 1164 1844 exercitu
1187 1822 1313 1856 magno
1338 1812 1475 1845 obsedit
1504 1814 1722 1855 praedictum
1745 1820 1908 1852 montem,
1925 1819 1971 1853 et,
1987 1823 2106 1847 mense
2121 1819 2220 1848 octo—

367 1867 439 1901 bris
462 1866 666 1900 indictionis
689 1866 854 1904 eiusdem‚
879 1865 972 1908 cepit
994 1866 1215 1908 praedictum
1238 1871 1389 1899 montem
1414 1876 1491 1898 eum
1521 1867 1718 1900 hominibus
1740 1868 1906 1906 eiusdem,
1931 1874 1966 1901 et
1988 1868 2074 1901 fecit
2100 1877 2160 1900 eos
2174 1867 2220 1901 ab

370 1920 454 1952 inde
477 1919 704 1956 descendere,
727 1924 762 1952 et
785 1918 950 1962 quosdam
974 1928 1034 1951 eos
1058 1919 1259 1951 devastavit.
2242 1921 2285 1955 30

456 1973 561 2007 Anno
585 1973 724 2006 Domini
747 1971 966 2006 MCCLXIII
990 1983 1103 2005 nonae
1128 1973 1338 2010 indictionis,
1363 1983 1480 2006 comes
1502 1974 1655 2007 Karolus
1669 1974 1812 2008 intravit
1827 1975 1989 2015 Romam,
2004 1974 2039 2007 in
2054 1980 2186 2009 aestate
2195 1974 2219 2008 ⁴.

370 2029 495 2062 Mense
519 2037 603 2060 vero
626 2026 746 2070 aprilis
768 2026 924 2059 eiusdem
946 2026 1160 2066 indictionis,
1184 2027 1342 2059 dominus
1371 2038 1432 2059 rex
1458 2027 1667 2061 Manfredus
1689 2028 1784 2062 misit
1806 2028 1970 2061 extolium
2001 2039 2099 2062 suum
2125 2029 2220 2072 apud

373 2079 590 2114 Marsiliam⁵
613 2080 658 2113 ad
682 2079 911 2112 obsidendam
935 2090 1021 2112 eam.

457 2133 562 2167 Anno
585 2133 724 2166 Domini
746 2133 900 2165 eiusdem
923 2133 1171 2166 incarnationis
1193 2132 1397 2166 MCCLXV
1423 2134 1625 2167 indictionis
1656 2145 1779 2175 nonae,
1807 2145 1924 2168 comes
1954 2135 2105 2168 Karolus
2127 2134 2221 2179 cepit

367 2194 510 2233 pontem
533 2187 734 2230 Cipranum,
758 2192 794 2219 et
815 2185 952 2219 turbata
975 2192 1027 2219 est
1049 2186 1171 2219 civitas
1195 2187 1371 2229 Neapolis.
1418 2188 1463 2220 Et
1485 2189 1703 2231 postmodum
1725 2188 1817 2221 idem
1833 2199 1950 2222 comes
1966 2199 2043 2222 cum
2066 2189 2220 2223 exercitu
2243 2188 2284 2222 35

367 2252 430 2276 suo
452 2242 549 2274 venit
571 2239 664 2284 apud
686 2246 826 2283 pontem
850 2239 1086 2279 Valentinum,
1109 2240 1143 2272 in
1167 2241 1322 2282 partibus
1346 2241 1552 2279 Beneventi;
1577 2247 1613 2274 et
1636 2242 1693 2275 die
1710 2242 1870 2282 Veneris,
1886 2242 2053 2287 vigesimo
2064 2242 2219 2276 secundo

367 2295 497 2329 mensis
518 2294 697 2334 februarii,
722 2294 893 2337 prevaluit
915 2294 952 2326 in
975 2294 1123 2327 eundem
1146 2304 1265 2337 regem
1287 2294 1514 2328 Manfredum
1538 2305 1618 2328 cum
1641 2295 1794 2329 exercitu
1816 2306 1879 2329 suo
1903 2301 1937 2329 et
1959 2295 2081 2329 habuit
2103 2296 2214 2329 vieto-

370 2349 458 2382 riam
482 2359 588 2392 super
611 2357 700 2380 eum.

459 2402 547 2435 Item
571 2410 661 2434 anno
683 2400 823 2433 Domini
846 2399 1095 2432 incarnationis
1121 2400 1275 2433 eiusdem
1298 2411 1409 2434 nonae
1433 2401 1647 2440 indictionis,
1678 2401 1738 2434 die
1769 2401 1917 2442 sabbati,
1946 2402 2084 2436 decimo
2114 2402 2218 2435 tertio

369 2455 497 2488 mensis
519 2454 645 2494 martii,
668 2453 791 2486 civitas
805 2453 991 2486 Messanae
1006 2452 1155 2486 elevavit
1172 2453 1335 2486 vexillum
1351 2454 1522 2496 praedicti
1539 2455 1674 2488 comitis
1690 2455 1829 2493 Karoli3
1854 2460 1889 2488 et
1904 2455 1961 2489 die
1977 2455 2084 2499 Jovis,
2106 2455 2218 2498 primo
2241 2455 2284 2488 40

369 2508 497 2542 mensis
519 2506 638 2550 aprilis
661 2506 817 2539 eiusdem
838 2505 1049 2545 indictionis,
1073 2515 1190 2539 comes
1212 2506 1395 2549 Philippus
1418 2508 1462 2540 de
1486 2507 1692 2541 Monteforti
1716 2508 1811 2541 venit
1833 2509 1982 2542 vicarius
2002 2508 2039 2540 in
2064 2507 2218 2541 Siciliam

371 2572 436 2606 pro
458 2566 558 2605 parte
581 2560 688 2604 ipsius
711 2559 847 2594 comitis
874 2558 1007 2592 Karoli.

463 2673 485 2691 1.
504 2665 711 2690 interfecerunt
731 2665 756 2690 C
772 2677 782 2682 -
802 2664 1025 2689 vulneraverunt
1046 2665 1070 2689 C
1086 2677 1119 2682 —
1139 2669 1163 2695 7.
1183 2664 1336 2690 Columnis
1359 2665 1383 2690 C
1399 2678 1432 2684 -·
1452 2672 1495 2699 23.
1519 2665 1682 2691 Fridericus
1707 2665 1741 2691 de
1765 2666 1875 2692 Avenis
1893 2665 2003 2692 Arenss
2025 2666 2049 2692 C
2064 2679 2097 2684 —
2123 2665 2214 2701 28-29.

372 2708 500 2733 octubris
517 2708 543 2733 A
563 2721 596 2726 —
615 2713 659 2740 30.
678 2706 822 2732 dlscedere
844 2705 868 2731 C
882 2719 915 2724 —
933 2712 976 2738 31.
997 2704 1119 2731 Carolus
1141 2707 1164 2731 C
1180 2720 1213 2725 —
1234 2714 1275 2740 33.
1290 2708 1454 2733 Marullum
1466 2708 1493 2732 B
1506 2721 1539 2726 -
1553 2714 1595 2742 35.
1610 2708 1766 2741 Clplnnum
1783 2708 1849 2733 G-
1868 2715 1911 2741 39,
1929 2705 2062 2743 Domlnll
2080 2708 2174 2734 dictae
2193 2708 2217 2734 C

462 2786 469 2802 ⁶
482 2788 584 2814 Piazza
598 2788 760 2818 Annei-ina,
771 2787 1016 2821 Castrogiovanni
1030 2795 1045 2812 e
1057 2787 1180 2817 Aidone.
1193 2789 1268 2814 tutte
1409 2787 1421 2805 ⁸
1440 2790 1562 2814 fflmrta
1579 2789 1717 2822 Anonymi
1733 2789 1960 2822 Supplementum,
1975 2789 2007 2814 ln
2020 2789 2080 2814 ΒΚ.
2093 2788 2131 2814 ΙΙ.
2157 2788 2218 2819 SS..

373 2840 388 2857 e
407 2833 450 2856 tre
468 2831 500 2856 ln
520 2831 672 2864 provincia
691 2831 722 2855 dl
740 2829 940 2856 Caltsnisetta.
1324 2831 1382 2856 vol.
1401 2830 1477 2861 vm,
1496 2839 1523 2865 p.
1542 2830 1603 2863 588,
1621 2832 1659 2856 ad
1674 2839 1739 2857 ann.
1761 2830 1837 2856 1260.

461 2871 471 2887 ²
490 2873 556 2900 L'11
583 2874 696 2907 agusto,
721 2873 846 2899 secondo
870 2873 910 2906 gli
936 2872 1055 2897 Annales
1077 2872 1210 2902 Canum,
1234 2874 1272 2897 ad
1412 2871 1423 2887 ⁴
1443 2873 1530 2899 Carlo
1550 2874 1582 2899 su
1601 2874 1754 2899 nominato
1773 2875 1902 2899 senatore
1922 2874 1951 2899 dl
1970 2873 2061 2899 Roma
2080 2873 2218 2907 nell’ago-
2246 2880 2280 2899 ιο

372 2923 435 2942 ann.
457 2916 538 2948 125&
558 2916 596 2941 cf.
614 2916 857 2942 ΒΛκτηοιοΜΑιι
875 2922 913 2940 ns
939 2915 1118 2940 Nsocasrao
1144 2915 1269 2940 Historia
1324 2917 1370 2940 sto
1389 2916 1433 2941 del
1456 2915 1531 2949 1263,
1549 2923 1566 2941 e
1584 2923 1677 2941 venne
1695 2924 1710 2941 s
1729 2915 1820 2941 Roma
1838 2916 1861 2941 ll
1881 2922 1912 2941 ιι
1933 2917 2048 2949 msggto
2066 2915 2112 2941 del
2130 2914 2181 2947 ⁹63.

372 2957 473 2987 Sicula,
491 2958 534 2983 ed.
553 2958 719 2988 Faunum,
738 2958 769 2983 ln
789 2957 849 2983 RR.
867 2957 903 2982 ΙΙ.
923 2955 996 2987 SS.¹,
1014 2957 1074 2982 vol.
1097 2956 1171 2986 xm.
1196 2964 1219 2982 c.
1245 2963 1268 2990 7.
1411 2956 1423 2971 ⁵
1441 2958 1602 2992 Mai-siglis.
