2320 3424
479 799 735 835 ANTONIO
766 797 1093 834 AUGUSTINO
1122 796 1564 832 ARCHIEPISCOPO
1594 797 2036 834 TARRACONENSI

999 917 1209 953 OPTIMO
1240 917 1520 953 ANTISTITI

336 1147 340 1259 1
629 1208 758 1227 UANTUM
777 1204 886 1235 priscae
906 1203 1042 1227 vetustati
1063 1203 1096 1227 ad
1120 1210 1236 1236 magnas
1256 1210 1299 1227 res
1325 1202 1516 1228 conficiendas
1541 1204 1709 1236 justissimis
1729 1204 1763 1228 de
1787 1205 1882 1229 causis
1907 1205 1937 1229 in
1965 1205 2045 1229 omni
2074 1205 2186 1238 artium,

646 1252 895 1283 doctrinarumque
915 1253 1010 1276 stuoio
1030 1259 1139 1285 semper
1158 1252 1304 1282 detuleris,
1324 1253 1432 1284 optime
1451 1252 1592 1282 Antistes,
1611 1260 1723 1278 summo
1741 1253 1825 1287 hujus
1845 1254 1947 1279 saeculi
1968 1253 2114 1284 beneficio,
2126 1261 2189 1288 per-

335 1260 339 1314 ’
646 1302 746 1333 petuae
765 1303 831 1326 tuae
850 1302 1075 1332 lucubrationes,
1094 1303 1156 1326 sine
1175 1301 1235 1326 ulla
1256 1301 1482 1332 intermissione,
1500 1303 1651 1327 testantur.
1689 1302 1770 1328 Hanc
1789 1305 1816 1327 te
1835 1309 1922 1327 unam
1947 1305 2077 1329 venerari
2096 1304 2124 1329 et
2143 1311 2189 1329 co-

646 1351 703 1375 lere
721 1357 861 1383 supraque
878 1351 1102 1375 oblectationem
1122 1358 1233 1375 omnem
1253 1352 1280 1375 et
1299 1351 1486 1377 humanarum
1505 1358 1636 1377 curarum
1651 1353 1775 1384 requiem
1789 1352 1931 1386 suspicere
1945 1354 2094 1378 novimus:
2105 1360 2190 1386 quam

645 1407 752 1432 semper
772 1399 907 1424 admirari
927 1401 955 1424 et
974 1400 1005 1424 in
1025 1401 1153 1424 omnium
1172 1401 1363 1434 prospectum,
1382 1409 1444 1426 cum
1465 1401 1604 1425 maximas
1616 1401 1776 1434 legationes
1789 1402 1963 1435 reipublicae
1976 1409 2061 1428 causa
2073 1402 2190 1433 obieris,

330 1449 482 1482 producere
502 1450 605 1473 merito
620 1450 681 1482 jure
701 1449 908 1482 concupivisti:
928 1456 993 1474 cum
1011 1450 1072 1483 ejus
1093 1449 1273 1474 affluentibus
1292 1450 1395 1482 opibus
1413 1451 1499 1482 atque
1519 1451 1697 1475 ornamentis
1716 1451 1917 1483 locupletatus,
1938 1451 1974 1476 ad
1999 1459 2042 1482 ea,
2065 1458 2137 1484 quae
2157 1452 2187 1477 ln

332 1500 421 1523 tantis
441 1499 543 1523 horum
562 1500 720 1531 temporum
748 1498 970 1528 calamitatibus,
996 1499 1099 1530 quibus
1125 1500 1170 1523 tot
1196 1501 1319 1523 terrores
1344 1499 1527 1531 periculaque
1551 1500 1609 1533 jam
1635 1500 1732 1524 adesse
1758 1501 1842 1532 atque
1868 1500 2016 1525 imminere
2041 1501 2185 1533 videntur,

331 1549 480 1572 universae
499 1547 681 1572 Christianae
701 1548 874 1580 reipublicae
894 1549 1015 1572 maxime
1035 1549 1209 1578 conducunt,
1228 1556 1336 1573 summe
1355 1549 1528 1581 profeceris:
1549 1551 1576 1573 et
1596 1549 1731 1574 adversus
1751 1550 1870 1582 impiam
1889 1550 2100 1575 haereticorum
2118 1558 2185 1575 con-

331 1597 493 1628 tumaciam,
512 1598 560 1628 qui
580 1596 738 1621 Ecclesiam
757 1597 868 1621 Sactam
889 1597 1080 1628 Cathohcam,
1102 1605 1185 1629 quam
1205 1597 1316 1622 Divina
1335 1598 1522 1631 providentia
1541 1598 1674 1623 afflictam
1694 1605 1803 1630 semper
1820 1600 1939 1631 excipit,
1958 1605 2089 1624 corruere
2115 1607 2186 1625 nun-

331 1653 412 1677 quam
432 1645 507 1676 finit,
527 1645 671 1678 perfidiam
691 1646 800 1670 violare
825 1648 853 1670 et
878 1646 1003 1677 reliquas
1022 1648 1135 1679 piorum
1155 1648 1253 1679 gentes
1281 1646 1420 1680 sacrilego
1446 1647 1550 1672 scelere
1575 1648 1772 1672 contaminare
1797 1648 1940 1676 nituntur,
1967 1649 1998 1673 in
2023 1655 2057 1673 eo
2083 1648 2187 1681 officiQ,

329 1694 405 1726 quod
425 1695 578 1727 praecipue
596 1696 676 1719 tuum
697 1695 762 1722 suit.
782 1696 865 1719 enixe
885 1696 918 1720 ad
938 1696 994 1720 Dei
1012 1696 1136 1728 gloriam
1156 1697 1318 1729 providerIs
1338 1698 1422 1728 atque
1441 1697 1628 1721 consulueris.
1664 1697 1742 1721 Illud
1767 1698 1842 1722 certe
1866 1698 2006 1731 majorum
2020 1698 2186 1731 vigiliarum

334 1751 443 1773 munus,
463 1745 537 1776 quod
557 1745 592 1768 ad
613 1751 748 1769 summam
770 1745 896 1769 virorum
916 1745 1048 1770 doctrina
1068 1747 1277 1778 praestantium
1297 1746 1546 1771 existimationem
1565 1746 1737 1778 dimanavit,
1755 1754 1773 1772 a
1791 1748 1820 1771 te
1838 1748 2002 1779 gravissimi
2023 1749 2051 1772 et
2076 1747 2188 1773 littera-

331 1794 435 1817 tissimi
457 1793 512 1817 viri
533 1794 680 1825 requirunt
698 1795 783 1825 atque
802 1794 975 1827 efflagitant:
995 1802 1051 1826 quo
1072 1795 1293 1820 innumerabilia
1312 1795 1481 1820 Sanctorum
1508 1795 1645 1821 Patruum
1665 1797 1693 1820 et
1712 1795 1891 1820 Summorum
1917 1796 2088 1829 Pontificum
2113 1797 2187 1822 scita

332 1843 414 1874 atque
433 1842 545 1867 decreta
563 1844 591 1867 et
609 1842 708 1868 Sacras
727 1843 857 1875 Synodos
876 1844 1045 1869 obliteratas
1064 1845 1094 1868 in
1115 1846 1159 1869 tot
1179 1845 1328 1869 volumina
1348 1845 1483 1874 retulisti,
1504 1847 1535 1870 ut
1554 1845 1698 1878 singulari
1723 1847 1772 1870 tua
1798 1846 1967 1871 assiduitate
1985 1847 2013 1871 et
2033 1845 2188 1879 vigilantia

331 1898 393 1915 cum
412 1894 441 1916 te
460 1893 553 1916 totum
573 1892 608 1916 ad
627 1892 774 1917 Sacrarum
794 1891 1046 1918 constitutionum
1067 1895 1167 1919 seriem
1186 1895 1214 1919 et
1233 1895 1383 1919 veritatem
1404 1894 1615 1919 inlustrandam
1634 1894 1803 1926 traduxeris,
1824 1902 1908 1927 quam
1931 1896 2074 1920 maximus
2092 1894 2186 1921 Cano-

332 1940 406 1964 nicis
425 1941 624 1966 sanctionibus
644 1943 727 1973 atque
746 1941 867 1966 decretis
887 1942 1016 1967 cumulus
1036 1943 1195 1968 accesserit.
1231 1943 1263 1968 In
1284 1951 1317 1968 eo
1336 1945 1481 1976 praeterea
1507 1946 1534 1968 te
1560 1944 1740 1968 vehementer
1766 1950 1865 1968 omnes
1889 1945 2085 1969 admirantur:
2109 1945 2185 1977 quod

332 1989 362 2013 in
381 1990 551 2021 gravissima
571 1991 599 2014 et
617 1992 753 2023 perpetua
773 1998 914 2016 sacrarum
934 1993 1116 2016 sanctionum
1137 1994 1380 2017 commentatione
1399 1993 1597 2018 doctrinarum
1618 1994 1747 2018 omnium
1767 1993 1862 2018 studia
1887 2001 2064 2026 promovere,
2089 1995 2118 2019 et
2142 2000 2186 2020 as-

330 2038 410 2063 sidua
428 2045 460 2062 ac
479 2039 639 2063 vehementi
659 2041 848 2072 occupatione
867 2047 980 2065 omnem
999 2042 1134 2066 conatum
1156 2042 1186 2065 in
1206 2042 1452 2074 contemplatione
1471 2049 1564 2066 rerum
1583 2043 1611 2066 et
1636 2041 1799 2067 liberalium
1825 2042 2048 2076 disciplinarum
2065 2042 2188 2068 scientia

331 2086 480 2117 collocare,
499 2089 527 2112 et
547 2095 605 2112 non
625 2088 703 2112 ludis
722 2090 749 2113 et
771 2089 859 2118 feriis,
878 2090 955 2122 quod
975 2091 1181 2115 studiosissimi
1202 2092 1258 2115 viri
1279 2091 1382 2120 solent,
1401 2093 1462 2121 aut,
1481 2091 1558 2124 quod
1576 2092 1668 2125 ajunt,
1689 2092 1838 2116 succisivis
1857 2091 1946 2122 horis,
1973 2091 2021 2116 sed
2047 2099 2131 2117 omne
2156 2092 2188 2117 id

331 2137 450 2168 tempus,
470 2144 525 2168 quo
546 2138 636 2162 vitam
657 2138 791 2167 vivimus,
811 2139 839 2162 et
858 2139 981 2163 maxime
1001 2140 1097 2172 expeti
1117 2141 1145 2164 et
1164 2140 1320 2164 sustentari
1339 2141 1500 2169 consuevit,
1520 2141 1548 2165 et
1567 2141 1712 2165 communi
1734 2140 1840 2172 spiritu
1866 2140 1988 2165 fruimur
2013 2141 2185 2166 remissiori·

331 2185 512 2210 litteraturae
532 2186 645 2215 studiis,
664 2187 808 2218 tamquam
828 2187 1020 2212 allevamento
1040 2188 1164 2220 quodam
1183 2190 1212 2213 et
1231 2189 1397 2214 laxamento
1416 2188 1541 2214 tribuere
1560 2196 1705 2221 nunquam
1733 2189 1912 2214 intermittis.
1949 2189 2024 2214 Hinc
2049 2187 2118 2215 inae
2141 2189 2185 2216 dl-

332 2234 421 2259 vitiae
440 2236 525 2266 atque
545 2237 712 2260 ornamenta
732 2237 858 2268 ingenii:
879 2244 997 2268 quorum
1018 2238 1128 2262 fructus
1147 2238 1219 2263 adeo
1238 2239 1336 2263 uberes
1356 2240 1384 2263 et
1404 2238 1542 2263 fecundos
1561 2246 1590 2263 es
1610 2240 1786 2268 consecutus,
1805 2240 1836 2262 ut
1854 2246 1918 2263 cum
1938 2238 1974 2263 ad
1993 2239 2062 2264 haec
2088 2240 2186 2265 nostra

332 2283 436 2314 studia,
455 2285 599 2315 tamquam
620 2285 649 2308 in
670 2285 806 2309 leviorem
826 2286 925 2310 ludum
945 2287 973 2310 et
993 2287 1159 2319 popularem
1179 2287 1322 2312 laetitiam
1343 2287 1378 2312 ad
1397 2287 1488 2312 animi
1507 2287 1704 2312 remissionem
1730 2288 1917 2318 descenderis,
1945 2287 2066 2321 maiores
2091 2289 2186 2313 omnis

331 2331 480 2356 doctrinae
499 2333 647 2358 thesauros
666 2334 792 2366 explices
816 2343 845 2359 ac
867 2336 1014 2368 propalam
1037 2336 1169 2365 colloces,
1189 2344 1271 2368 quam
1293 2336 1409 2366 coeteri,
1435 2338 1482 2368 qui
1510 2344 1594 2361 omne
1620 2337 1712 2361 otium
1739 2344 1770 2361 ac
1797 2338 1907 2370 tempus
1934 2338 1963 2361 in
1991 2337 2186 2363 communium

331 2381 491 2406 litterarum
510 2384 559 2406 aut
578 2383 729 2414 politioris
747 2383 937 2408 humanitatis
956 2385 1195 2410 meditationibus
1214 2387 1421 2410 contriverunt.
1458 2385 1513 2410 Sed
1532 2387 1667 2418 quoniam
1688 2393 1777 2418 neque
1797 2387 1924 2411 instituti
1946 2388 1995 2411 aut
2012 2386 2115 2420 judicii
2130 2387 2186 2412 mei

331 2431 399 2459 erat,
417 2432 480 2455 tuas
499 2430 605 2460 laudes,
626 2439 696 2463 quae
714 2432 952 2464 gravissimorum
972 2435 1100 2461 virorum
1115 2435 1242 2467 ingeniis
1255 2436 1384 2460 omnium
1398 2435 1563 2460 mortalium
1579 2435 1654 2459 fama
1668 2435 1855 2466 celebrantur,
1869 2437 2075 2468 perstringere:
2089 2437 2184 2461 tamen

328 2478 400 2503 hanc
421 2487 464 2503 me
482 2481 669 2510 occasionem,
689 2482 717 2505 te
736 2482 908 2513 gravissimo
928 2484 1079 2508 vetustatis
1099 2484 1223 2515 vindice,
1241 2485 1359 2509 custode
1379 2486 1462 2517 atque
1480 2484 1614 2509 antistite
1635 2492 1692 2509 non
1713 2484 1854 2509 diffitebor
1873 2485 2042 2517 arripuisse:
2061 2487 2094 2510 ut
2107 2487 2185 2511 vetu-

333 2527 451 2552 stissimi
472 2529 503 2552 hi
523 2537 613 2553 rerum
633 2530 801 2562 Scriptores,
827 2533 875 2563 qui
903 2531 1071 2564 Principum
1090 2532 1319 2558 Normannorum
1346 2534 1377 2557 in
1404 2533 1519 2558 Italiam
1546 2533 1697 2558 adventum
1722 2535 1752 2558 et
1771 2541 1815 2558 res
1840 2534 1875 2558 ab
1895 2535 1936 2558 eis
1959 2535 1990 2558 in
2017 2533 2184 2567 Campanus,

334 2577 450 2608 Apulia,
470 2577 610 2607 Calabria
629 2580 658 2603 et
678 2580 786 2604 Brutiis
805 2582 834 2605 et
858 2582 888 2604 in
914 2580 1013 2605 Insula
1032 2581 1132 2606 Sicilia
1151 2584 1245 2614 gestas
1266 2584 1332 2608 ante
1351 2582 1577 2615 quadringentos
1601 2590 1694 2607 annos
1721 2584 1845 2615 posteris
1871 2584 2060 2613 tradiderunt,
2087 2585 2116 2608 in
2141 2584 2186 2609 tul
2208 2581 2211 2583 ’

333 2626 455 2658 primum
475 2627 600 2651 nominis
620 2629 762 2659 praesidio
790 2630 818 2653 in
840 2629 930 2653 lucem
950 2632 1063 2655 exeant.
1099 2631 1196 2663 Neque
1216 2632 1326 2656 inculta
1346 2639 1442 2656 eorum
1468 2633 1496 2656 et
1522 2632 1658 2656 derelicta
1684 2633 1787 2660 oratio.
1814 2633 1842 2656 et
1869 2633 1952 2664 inops
1978 2633 2064 2657 series
2083 2640 2185 2664 rerum,

333 2675 361 2697 et
380 2675 522 2699 inconditi
544 2674 681 2700 Gaufredi
703 2677 837 2702 Monachi
860 2685 965 2708 versus,
984 2679 1115 2710 quamvis
1133 2679 1246 2704 hebetes
1266 2687 1296 2704 ac
1317 2679 1415 2714 rudes„
1439 2681 1489 2705 aut
1514 2682 1690 2714 praeposteri
1717 2682 1898 2714 perversique
1924 2681 2034 2706 numeri
2061 2681 2095 2706 de
2120 2688 2183 2706 sen-

334 2723 424 2747 tentia
444 2724 636 2754 demoverunt,
655 2727 723 2757 quin
744 2734 786 2751 res
807 2728 884 2758 ipsae
905 2735 919 2751 a
940 2728 1052 2752 nemine
1082 2730 1236 2760 auctorum,
1266 2731 1341 2761 quod
1372 2738 1424 2762 ego
1450 2731 1546 2759 sciam,
1572 2730 1608 2755 ad
1633 2730 1706 2755 hanc
1733 2730 1807 2755 diem
1833 2731 1955 2755 traditae
1982 2732 2011 2755 in
2038 2730 2184 2763 pubIIcum

334 2771 537 2803 proferrentur.
573 2774 697 2798 Tantum
718 2776 793 2799 enim
814 2783 856 2800 me
877 2777 906 2799 in
927 2783 958 2800 ea
978 2776 1106 2801 editione
1125 2785 1140 2802 a
1160 2778 1398 2810 repraehensione
1420 2780 1545 2812 ineptiae
1564 2779 1659 2804 abesse
1678 2779 1846 2808 arbitrabar,
1866 2780 1898 2804 ut
1910 2781 2044 2814 proprius
2057 2780 2132 2805 nihil
2145 2781 2185 2805 sit

337 2819 451 2851 factum,
471 2829 555 2852 quam
575 2824 605 2846 ut
624 2823 670 2847 his
690 2824 949 2848 Normannicarum
970 2832 1060 2850 rerum
1080 2826 1277 2859 Scriptoribus
1304 2827 1517 2853 Bartholomaei
1544 2828 1761 2853 Neocastrensis
1787 2828 1887 2858 Siculi.
1901 2830 2006 2854 vetusti
2022 2829 2181 2861 scriptoris,

336 2868 479 2900 poeticum
499 2876 579 2902 opus,
599 2871 646 2895 cui
664 2871 810 2897 Messanae
831 2881 932 2898 nomen
953 2874 1073 2904 indidit,
1092 2876 1119 2899 et
1139 2875 1192 2900 XV
1212 2876 1296 2901 libris
1314 2877 1486 2901 hexametris
1506 2877 1633 2902 versibus
1653 2878 1823 2910 composuit.
1850 2877 2044 2903 adnecterem:
2069 2879 2181 2903 tametsi

338 2924 394 2940 non
415 2917 512 2949 aliquo
533 2920 640 2951 sagacis
660 2922 708 2944 aut
728 2922 817 2946 bonae
837 2923 943 2946 mentis
963 2923 1103 2948 instinctu
1122 2926 1171 2948 aut
1192 2924 1347 2950 artificiosa
1366 2927 1591 2955 constructione,
1611 2927 1658 2951 sed
1677 2928 1788 2951 enormi
1808 2927 1836 2951 et
1859 2927 1958 2960 pingui
1984 2928 2123 2952 contextu
2148 2927 2183 2952 de

336 2965 416 2990 rebus
435 2973 451 2990 a
470 2966 555 2991 Petro
575 2968 739 3000 AragonIae
757 2969 833 3003 Rege
854 2972 884 2995 in
903 2970 1004 2996 Sicilia
1023 2971 1157 2997 adversus
1178 2973 1323 3003 Carnium,
1344 2976 1403 3008 ejus
1424 2976 1552 3000 nomlnis
1571 2975 1695 3007 primum
1708 2975 1825 3001 Siciliae
1837 2975 1952 3009 Regem,
1966 2983 2036 3010 opus
2051 2975 2080 3000 id
2095 2976 2183 3001 suerit

2237 1308 2252 1337 s
2272 1304 2281 1342 j

2221 1558 2252 1575 10
2272 1559 2275 1561 “

2221 1802 2250 1830 15
2275 1787 2284 1807 s*

2218 2049 2253 2068 20

2217 2294 2249 2322 ²5
2288 2266 2299 2283 ’Ἴ

2215 2541 2296 2567 30

2215 2787 2248 2813 35
2292 2772 2296 2792 ⁷
