2314 3418
136 241 187 277 [Α.
208 240 301 276 1090]
504 234 576 268 DE
604 232 772 270 REBUS
801 231 977 269 GESTlS
1004 230 1223 267 ROGERII
1251 229 1464 267 COMITIS
1492 230 1607 265 ETC.
1931 228 1976 263 95

133 359 291 396 rendum,
313 357 341 391 si
364 366 506 390 necesse
530 357 583 395 sit,
607 362 758 399 paratus,
780 356 855 388 eius
876 356 1067 399 ingressum
1091 355 1266 388 sustineat.
1314 353 1424 387 Porro
1448 354 1508 386 ille
1532 354 1631 386 aliter
1655 363 1757 396 quam
1779 358 1874 386 ratus
1896 357 1980 390 erat,

133 416 268 455 patrem
290 410 563 454 praecipientem
586 409 738 446 audiens,
763 415 855 443 totus
878 408 1105 442 admiratione
1128 407 1292 441 attonitus
1308 407 1356 446 fit,
1372 412 1576 450 patremque
1593 406 1637 439 ab
1653 406 1705 445 iis,
1723 415 1811 449 quae
1827 403 1981 444 dicebat,

136 463 314 498 dehortari
335 463 438 500 nisus,
462 472 539 494 cum
562 462 713 496 lacrimis
736 462 927 505 proclamat
950 462 1092 505 dignum
1114 462 1230 504 potius
1255 480 1294 484 -
1311 461 1338 493 si
1354 461 1446 503 patri
1462 459 1600 503 placeat
1618 478 1656 484 —
1675 469 1750 492 esse
1765 469 1802 492 se
1817 459 1979 503 juvenem

133 523 230 552 tanto
252 516 362 551 labori
384 515 520 554 ascribi,
544 522 678 558 patrem
699 515 780 559 jam,
804 515 902 559 quasi
926 514 1060 548 emeriti
1083 514 1246 558 stipendii
1269 515 1391 552 virum,
1409 524 1430 546 a
1446 513 1620 546 laboribus
1636 513 1820 556 plurimum
1844 522 1980 555 passum

93 571 111 603 5
135 581 261 614 corpus
281 570 486 607 recreando,
509 569 633 612 quietis
657 568 919 602 oblectamentis
940 568 1010 602 uti:
1035 569 1146 601 minus
1161 568 1361 600 damnosum
1385 568 1414 599 si
1430 567 1517 609 ipse,
1542 566 1684 599 minoris
1706 565 1810 609 pretii
1833 565 1981 611 juvenis,

135 624 172 656 in
192 629 290 657 tanto
314 622 511 656 discrimine
541 628 670 664 pereat,
702 632 804 666 quam
835 623 890 654 vir
919 627 1036 654 tantae
1069 621 1283 654 auctoritatis
1313 620 1443 653 tantive
1475 620 1622 653 consilii.
1668 620 1794 653 Comes
1824 629 1907 651 vero
1938 619 1983 651 ad

135 675 260 710 verba'
290 676 352 709 filii
381 675 590 719 indignatus,
621 686 711 715 eum,
742 675 1030 718 quamplurimum
1060 673 1296 707 conviciatum
1327 674 1364 706 in
1393 673 1569 705 audientia
1599 673 1762 712 omnium,
1792 671 1912 705 retulit
1941 682 1978 704 se

135 740 321 773 numquam
344 730 400 762 vel
423 729 543 767 filium,
567 729 623 761 vel
645 729 795 772 aliquem
819 739 886 772 quo
910 728 983 771 ipse
1005 728 1137 771 primus
1160 737 1235 760 esse
1252 737 1322 759 non
1338 727 1475 765 audeat,
1492 727 1684 765 missurum,
1701 732 1735 759 et
1751 726 1840 759 sicut
1855 726 1984 768 primus

137 793 212 816 esse
233 782 374 816 volebat
395 782 431 814 in
462 782 680 824 possidendis
710 783 764 814 vel
798 781 1055 820 distribuendis,
1086 781 1131 813 ita
1163 790 1248 824 ergo
1279 780 1491 812 conveniens
1522 790 1595 812 esse
1627 785 1664 811 ut
1694 779 1790 822 prior
1819 778 1918 811 fieret
1947 779 1981 810 in

32 852 33 856 =
75 837 114 869 10
137 836 369 880 acquirendis.

224 889 282 922 Sic
304 888 461 932 pluribus
484 890 737 922 remanentibus
761 890 889 932 pietate
913 888 1078 927 abeuntis,
1102 888 1232 920 deinde
1247 886 1518 926 lacrimantibus,
1535 897 1661 926 comes,
1679 897 1784 919 naves
1799 887 1983 930 ingressus,

138 942 295 975 buccinis
318 952 361 975 ex
385 942 461 975 eius
484 942 601 975 edicto
624 942 914 985 concrepantibus
936 947 970 974 et
993 940 1121 974 diversi
1136 941 1273 984 generis
1288 940 1440 972 musicae
1457 940 1539 972 artis
1555 939 1710 982 pluribus
1727 959 1768 963 -
1786 946 1821 971 ut
1838 939 1983 982 quisque

137 996 261 1029 doctus
284 1001 359 1028 erat
383 1013 424 1019 --
448 996 680 1028 instrumentis
700 995 966 1034 modulantibus,
989 993 1152 1027 anchoris
1175 994 1351 1033 extractis,
1381 993 1460 1025 vela
1490 993 1601 1026 ventis
1632 993 1782 1036 plurimo
1813 998 1983 1036 apparatu

138 1049 370 1082 committunt:
395 1059 545 1093 auraque
568 1059 737 1091 prospera
759 1048 989 1092 suffragante,
1012 1047 1166 1080 secundo
1182 1047 1239 1079 die
1255 1046 1434 1089 applicant
1449 1047 1543 1088 apud
1558 1045 1726 1079 Melitam.
1774 1046 1883 1079 Navis
1899 1056 1982 1079 vero

37 1095 39 1101 ⁴
77 1101 116 1134 15
139 1101 285 1140 comitis,
308 1107 464 1135 caeteras
486 1102 670 1135 velocitate
692 1102 919 1144 praecedens,
941 1106 979 1134 ut
1001 1100 1147 1144 primum
1170 1106 1296 1133 terram
1321 1099 1443 1143 attigit,
1467 1110 1592 1138 comes,
1610 1100 1690 1139 navi
1706 1100 1890 1144 digressus,
1907 1111 1984 1133 cum

37 1143 43 1151 ι
137 1155 306 1188 tredecim
329 1161 460 1188 tantum
491 1155 655 1188 militibus
687 1165 793 1198 equos
824 1155 1026 1193 ascendens,
1055 1154 1238 1196 plurimam
1269 1153 1459 1186 incolarum
1492 1154 1775 1192 multitudinem,'
1811 1163 1910 1197 quae,
1941 1159 1980 1186 ut

137 1208 335 1251 impediret,
359 1208 405 1241 ad
427 1209 535 1251 ripam
561 1209 698 1241 obviam
722 1209 846 1247 fuerat,
871 1207 1086 1251 aggredienS‚
1111 1207 1234 1239 multos
1257 1207 1390 1245 sternit,
1415 1207 1569 1250 reliquos
1584 1207 1694 1250 fugat,
1712 1213 1886 1240 extremos
1902 1218 1984 1250 quo-

137 1271 221 1305 sque
244 1261 424 1295 caedendo
446 1272 509 1304 per
533 1261 672 1304 longum
695 1261 894 1304 insequitur.
941 1260 1097 1303 Vespere
1121 1265 1238 1293 autem
1262 1259 1305 1293 ab
1327 1259 1543 1303 insequendo
1574 1259 1786 1303 regrediens,
1818 1260 1853 1291 in
1886 1260 1984 1293 litore

37 1354 39 1358 Α
138 1315 241 1347 maris
265 1324 344 1347 cum
365 1315 458 1347 omni
480 1315 635 1348 exercitu
659 1325 720 1348 suo
742 1314 802 1347 illa
824 1320 925 1347 nocte
948 1313 1133 1356 hospitium
1156 1314 1311 1356 sumpsit.

38 1394 42 1397 .
74 1369 116 1400 20
225 1367 386 1401 Crastino
402 1379 485 1400 vero
501 1368 735 1407 illucescente,
751 1367 911 1411 proprius
925 1367 1044 1400 urbem
1061 1367 1244 1407 accedens,
1261 1366 1442 1400 obsidione
1460 1367 1616 1405 vallavit3
1634 1368 1904 1412 circumquaque
1921 1378 1984 1410 per

139 1421 284 1454 insulam
308 1431 387 1454 suos
410 1422 612 1464 praedatum
636 1421 749 1454 mittit.
794 1421 904 1454 Porro
927 1427 1050 1464 gaytus
1064 1419 1086 1460 ⁴,
1110 1420 1170 1464 qui
1193 1420 1270 1453 urbi
1286 1427 1321 1454 et
1337 1421 1471 1454 insulae
1494 1421 1768 1464 principabatur,
1787 1421 1985 1465 caeterique

140 1475 244 1514 cives,
275 1474 412 1507 bellicis
441 1474 747 1508 exercitationibus
777 1475 888 1507 minus
911 1474 1047 1513 assueti,
1070 1474 1267 1516 praesentia
1290 1474 1438 1507 hostium
1461 1474 1630 1513 deterriti,
1655 1485 1778 1517 pacem
1810 1474 1917 1507 libere
1940 1475 1985 1506 ad

139 1527 348 1571 colloquium
379 1538 458 1561 cum
490 1528 616 1561 comite
648 1527 839 1560 accedendi
869 1532 1052 1570 expetunt:
1085 1537 1152 1572 quo
1175 1539 1196 1560 a
1218 1528 1343 1560 comite
1368 1537 1546 1565 concesso,
1571 1528 1615 1560 ad
1628 1525 1824 1561 '‘tentorium
1850 1527 1986 1560 comitis

139 1580 204 1614 sibi
227 1581 390 1622 locutum,
411 1587 450 1614 ut
471 1591 594 1624 pacem
619 1581 759 1620 faciant,
787 1582 970 1615 accedunt.
1016 1581 1241 1624 Diversisque
1265 1580 1631 1614 circumlocutionibus
1654 1582 1717 1621 usi,
1741 1582 1883 1614 tandem
1907 1591 1985 1614 cum

73 1635 114 1667 25
139 1635 366 1668 calliditatem
389 1635 555 1678 principis
586 1635 697 1668 minus
728 1645 764 1667 se
796 1634 920 1667 fallere
942 1644 1043 1678 posse
1066 1634 1297 1678 perpendunt,
1320 1644 1383 1677 pro
1407 1634 1506 1667 libitu
1529 1635 1667 1667 comitis
1690 1635 1802 1678 primo
1831 1635 1986 1678 captivos

140 1687 354 1728 christianos,
371 1699 515 1732 quorum
531 1689 713 1731 plurimam
729 1688 980 1721 multitudinem
1002 1688 1096 1721 infra
1117 1687 1238 1721 urbem
1262 1688 1438 1728 tenebant,
1461 1688 1624 1727 reddunt,
1641 1694 1677 1721 et
1693 1699 1801 1732 equos
1818 1694 1854 1721 et
1876 1689 1987 1721 mulos

141 1748 175 1774 et
191 1751 284 1774 arma
299 1742 424 1778 omnia,
447 1753 536 1785 quae
554 1741 738 1780 habebant,
754 1751 832 1774 cum
854 1741 985 1775 infinita
1007 1742 1158 1785 pecunia
1179 1742 1296 1775 comiti
1313 1741 1480 1775 offerunt.
1527 1742 1651 1775 Datam
1668 1752 1878 1787 unoquoque
1895 1753 1986 1776 anno

140 1795 371 1838 persolvendo
394 1795 675 1834 determinantes,
690 1794 810 1828 urbem
834 1795 952 1828 comiti
975 1805 1012 1828 se
1034 1795 1255 1828 serviendam
1278 1795 1496 1838 promittunt:
1521 1795 1642 1839 sicque
1665 1806 1760 1829 more
1783 1796 1869 1840 legis
1892 1807 1986 1836 suae,

140 1848 364 1881 sacramentis
386 1848 487 1887 datis,
514 1849 631 1881 comiti
662 1848 901 1882 confoederati
931 1853 1021 1881 sunt.
1066 1847 1236 1882 Videntes
1266 1853 1380 1882 autem
1407 1848 1567 1891 captivos
1590 1849 1810 1889 christianos,
1833 1849 1877 1882 ab
1901 1850 1986 1883 urbe

76 1902 118 1934 30
141 1901 412 1945 progredientes,
428 1912 511 1945 prae
534 1902 662 1946 gaudio
678 1912 759 1934 suae
774 1902 970 1944 insperatae
985 1901 1198 1935 liberationis
1212 1901 1256 1935 ab
1271 1902 1342 1935 imo
1359 1911 1496 1946 quoque
1513 1901 1629 1935 cordis
1644 1902 1795 1936 lacrimis
1811 1903 1987 1946 profundi,

141 1955 238 1999 ligno
262 1955 317 1988 vel
340 1955 490 1994 calamis,
514 1961 616 1998 prout
640 1956 782 2000 quisque
806 1955 918 1998 primo
940 1955 1173 1995 inveniebant,
1195 1955 1404 1999 compositas
1429 1966 1551 1989 cruces
1573 1956 1610 1988 in
1641 1956 1791 1989 dexteris
1821 1957 1987 1995 ferentes,

142 2007 255 2052 Kyrie
277 2009 405 2052 eleyson
426 2009 687 2052 proclamando,
711 2010 757 2042 ad
779 2007 889 2052 pedes
912 2009 1044 2042 comitis
1066 2008 1235 2052 provolvi,
1259 2009 1369 2042 nostri
1386 2019 1469 2042 vero
1486 2009 1532 2043 ad
1548 2009 1653 2042 talem
1675 2010 1834 2043 intuitum
1850 2010 1991 2053 pietatis

142 2061 276 2096 aflectu
298 2062 480 2096 lacrimoso
504 2072 583 2095 rore
607 2063 871 2106 perfunduntur.
918 2062 1042 2096 Comes
1064 2072 1161 2107 ergo,
1183 2063 1300 2097 taliter
1322 2063 1408 2096 urbe
1433 2063 1498 2096 sibi
1530 2063 1789 2103 confoederata,
1823 2064 1989 2106 captivos,

51 2148 54 2151 Δ
141 2121 306 2159 asportet,
328 2126 392 2159 per
413 2127 519 2149 naves
542 2116 717 2154 ordinans,
738 2116 888 2150 reditum
911 2126 988 2149 cum
1010 2126 1136 2161 magno
1158 2116 1293 2156 timore,
1309 2127 1395 2160 prae
1410 2117 1517 2150 nimio
1533 2118 1690 2160 pondere
1706 2118 1934 2161 captivorum.
1950 2124 1989 2150 ut

54 2183 55 2186 “
77 2168 118 2202 35
141 2168 412 2203 submersionem
435 2169 574 2208 veritus,
598 2170 781 2204 accelerat.
827 2169 900 2203 Sed
922 2170 1068 2203 dextera
1090 2170 1169 2210 Dei,
1192 2177 1230 2203 ut
1254 2170 1440 2209 credimus,
1464 2181 1507 2203 ex
1523 2177 1651 2205 eventu
1667 2172 1790 2214 patuit:
1807 2182 1914 2204 naves
1929 2181 1990 2214 per

142 2222 253 2256 undas
274 2222 467 2261 sublevans,
491 2222 609 2256 cubitu
631 2233 700 2255 uno
724 2222 903 2256 liberiores
925 2233 1028 2266 super
1050 2234 1145 2256 mare
1169 2223 1314 2263 ferebat,
1338 2235 1442 2268 quam
1466 2225 1501 2256 in
1518 2224 1613 2258 aditu
1629 2235 1690 2258 suo
1708 2235 1786 2258 cum
1802 2235 1859 2258 eas
1875 2225 1989 2257 minus

144 2285 232 2308 onus
252 2276 430 2320 gravabat.

230 2328 279 2362 At
301 2338 380 2362 eum
391 2340 486 2362 mare
502 2330 553 2362 sic
571 2330 717 2362 reditum
733 2329 918 2370 accelerat,
934 2330 1069 2364 eminus
1084 2331 1242 2371 insulam,
1259 2341 1348 2375 quae
1366 2330 1473 2364 Golsa
1486 2331 1497 2348 ²
1516 2331 1651 2370 dicitur,
1664 2332 1811 2371 intuens,
1828 2332 1990 2369 illorsum,

142 2388 181 2415 ut
203 2382 364 2421 debellet,
386 2382 475 2416 vela'
498 2383 601 2427 dirigi
623 2384 781 2426 imperat.
829 2382 909 2422 Quo
932 2383 1124 2427 applicans,
1147 2385 1287 2427 praedis
1303 2385 1522 2429 aggrediens,
1539 2385 1711 2419 devastat:
1733 2386 1852 2429 sicque
1870 2396 1984 2418 secum

79 2436 121 2468 40
144 2435 270 2469 foedus
290 2436 378 2469 inire
401 2446 627 2479 cognoscens,
650 2447 732 2469 suae
757 2436 880 2470 ditioni
904 2437 1064 2482 assignat.

55 2487 58 2490 ’
232 2489 395 2533 Undique
418 2489 558 2532 impune
581 2501 644 2533 per
667 2500 820 2534 aequora
842 2490 921 2523 vela
944 2490 1108 2535 dirigens,
1126 2491 1282 2526 Siciliam
1298 2503 1466 2532 reversus,
1485 2493 1763 2526 desiderantibus
1778 2504 1814 2526 se
1831 2493 1991 2527 fidelibus

143 2543 213 2576 suis
234 2542 382 2585 plurima
403 2543 535 2586 praeda
557 2549 696 2576 onustus
719 2549 967 2586 repraesentat.
1013 2544 1179 2588 Captivos
1203 2551 1328 2585 autem,
1353 2557 1439 2590 quos
1462 2546 1626 2590 captione
1650 2552 1766 2580 erutos
1788 2556 1906 2579 secum
1938 2558 1993 2580 re-

145 2596 302 2635 duxerat,
325 2606 444 2630 omnes
467 2606 674 2634 convocans,
699 2596 826 2629 liberos
850 2597 946 2635 facit,
971 2598 1128 2631 offerens
1152 2598 1212 2637 eis,
1243 2600 1270 2631 si
1300 2610 1417 2633 secum
1450 2600 1483 2632 in
1514 2599 1635 2633 Sicilia
1665 2610 1842 2633 remanere
1873 2600 1992 2638 velint,

238 2715 260 2734 1.
279 2706 428 2743 sustineat]
447 2711 542 2735 teneat
561 2710 589 2734 D
608 2723 616 2726 -
636 2710 661 2734 si
679 2717 728 2734 om.
750 2710 808 2735 PC
825 2722 834 2727 —
855 2717 1007 2743 regressum
1027 2711 1055 2736 Ρ
1072 2725 1103 2728 ——
1123 2718 1148 2744 3.
1168 2711 1260 2744 placet
1274 2713 1348 2745 patri
1363 2712 1425 2738 PC
1443 2727 1474 2729 —
1496 2718 1519 2744 5.
1540 2711 1613 2746 ipse]
1633 2714 1760 2745 tempore
1782 2713 1811 2736 D
1831 2727 1862 2731 —-
1883 2718 1907 2743 7.
1927 2720 1994 2737 con-

148 2752 256 2776 vitatus
275 2751 337 2776 PC
353 2765 385 2770 -
403 2759 428 2783 9.
447 2759 507 2777 esse
526 2752 653 2783 volebat]
672 2754 746 2777 esset
765 2753 826 2777 PC
843 2765 853 2770 -
872 2759 940 2786 ergo
957 2760 1004 2777 ont.
1028 2753 1088 2779 PC
1103 2766 1138 2772 —
1159 2761 1198 2779 ιι.
1219 2755 1410 2780 remeantibus
1428 2755 1456 2780 Ρ
1480 2768 1511 2772 ——-
1541 2762 1581 2787 14.
1606 2754 1737 2780 Miletum
1759 2755 1786 2778 Ρ
1808 2767 1841 2773 —-
1864 2754 1904 2780 16.
1922 2762 1992 2787 quae

148 2801 197 2819 m.
216 2795 246 2818 Β
264 2807 297 2812 -
319 2799 358 2825 17.
384 2794 556 2828 impedirent
575 2795 603 2820 P
619 2807 627 2812 -
648 2795 888 2828 aggrediens....
909 2794 990 2828 sugat
1007 2803 1057 2820 om.
1076 2796 1104 2821 Ρ
1120 2809 1152 2815 -
1174 2797 1214 2822 18.
1241 2797 1341 2823 littore
1367 2798 1394 2822 Ρ
1418 2811 1449 2815 -—
1470 2804 1511 2822 21.
1537 2799 1654 2822 mittens
1673 2797 1734 2822 PC
1751 2811 1783 2815 —
1804 2803 1845 2829 ²3·
1865 2805 1975 2830 qua...
1989 2815 1995 2823 .

149 2842 282 2861 concessa
300 2835 362 2862 PC
377 2850 410 2855 —
429 2843 471 2869 ²4·
492 2837 578 2862 saciat
597 2837 625 2862 Ρ
643 2850 651 2855 -
677 2837 807 2862 Diversis
833 2837 1124 2863 circumventionibus
1147 2840 1179 2864 Β
1198 2853 1230 2858 -
1257 2839 1299 2865 28.
1325 2840 1359 2865 de
1384 2841 1488 2865 comlte
1514 2840 1576 2865 PC
1599 2854 1631 2857 -
1657 2846 1698 2871 ²9-
1724 2840 1832 2864 Videns
1851 2839 1912 2864 PC
1931 2853 1939 2858 -
1959 2840 1996 2864 ab

69 2892 71 2894 -
103 2883 118 2910 5
149 2884 206 2903 uno
225 2878 254 2904 Ρ
270 2891 302 2897 -
320 2884 363 2911 3⁰·
382 2876 533 2913 profundi]
552 2879 659 2912 perfusi
674 2879 702 2904 D
714 2893 747 2897 —
760 2886 802 2913 3²·
822 2878 1037 2912 Chyrleelelson
1056 2880 1104 2906 Ρ-
1117 2882 1331 2914 provolvuntur
1350 2882 1376 2907 Β
1390 2895 1400 2901 ·
1415 2884 1530 2907 nostros
1545 2883 1572 2907 Ρ
1584 2896 1615 2899 -
1630 2889 1672 2915 33.
1687 2882 1822 2915 perfundi
1835 2882 1863 2907 Ρ
1874 2895 1882 2900 -
1897 2882 1995 2907 taliter

24 2922 30 2932 '
147 2926 197 2945 m.
213 2919 279 2945 G-
293 2920 382 2953 37—38.
401 2928 474 2946 onus
492 2929 523 2946 ac
542 2928 618 2946 mare
636 2922 677 2946 sic
696 2921 818 2947 redltum
836 2921 981 2947 eccellerat
999 2923 1027 2947 P
1043 2934 1077 2942 —·
1095 2921 1137 2955 38.
1157 2922 1258 2956 Golsa]
1276 2923 1400 2949 Golsani
1420 2925 1458 2952 P:
1479 2922 1588 2949 Golosa
1604 2924 1631 2948 D
1645 2939 1677 2943 —
1691 2931 1735 2957 40.
1754 2923 1950 2949 dominationi
1969 2925 1996 2948 D

239 3015 247 3032 ¹
267 3017 290 3041 11
310 3016 392 3047 Kald,
412 3025 542 3051 supremo
562 3020 730 3052 magistu-ato
750 3018 903 3045 dell’isoln.
1179 3019 1190 3036 ²
1210 3012 1231 3046 ll:
1251 3021 1347 3046 l’lsola
1367 3022 1396 3046 di
1417 3020 1522 3046 Gozzo,

2055 682 2085 703 l),
2103 687 2139 705 13⁷
2149 687 2161 699 r

2063 2396 2092 2419 Ι),
2109 2401 2146 2420 13!
2155 2402 2169 2416 v
