2320 3424
221 358 251 383 D,
267 364 313 383 ⁹4²¹

202 1102 276 1126 Mun..
295 1107 334 1127 555

321 2505 353 2523 10

322 2717 352 2744 ¹5

320 2926 353 2944 ²0

962 225 1236 262 GAUFREDI
1266 223 1533 260 MALATER
1538 222 1645 258 RAE

388 353 425 385 in
447 357 595 385 castrum
617 350 853 383 Bisinianense
875 348 1059 390 recipiunt.
1103 345 1312 379 'Normanni
1335 356 1428 383 vero,
1450 345 1643 389 gaudentes
1665 344 1763 388 quasi
1786 344 1831 377 de
1846 344 2031 388 triumpho,
2047 354 2157 389 usque
2179 345 2227 379 ad

385 409 533 436 castrum
557 402 676 435 Sancti
703 401 815 434 Marci
832 401 971 433 Petrum
987 410 1104 432 secum
1119 398 1310 438 adducunt,
1326 397 1397 437 ubi,
1413 397 1612 440 aliquandiu
1626 396 1663 429 in
1680 395 1840 439 captione
1856 396 2025 436 detentus,
2041 396 2226 440 pecuniam

383 456 572 489 mirabilem
594 455 804 498 persolvens,
827 454 974 495 seipsum
999 463 1018 484 a
1042 451 1201 493 captione
1224 451 1404 488 liberavit3
1428 450 1502 489 sed,
1527 449 1662 482 civibus
1685 460 1756 482 non
1778 449 2053 490 assentientibus,
2078 456 2227 484 castrum

384 509 522 541 minime
544 508 693 541 reddere
717 507 837 550 potuit.
883 505 964 538 Tali
989 505 1180 538 calliditate
1212 510 1247 537 et
1276 504 1357 536 huic
1387 502 1553 535 similibus
1576 502 1806 536 Calabrenses
1836 504 1881 537 de
1907 503 2103 536 Guiscardo
2133 514 2228 537 com-

384 561 499 604 pertis,
520 571 628 605 genus
650 558 1017 596 formidolosissimum,
1042 567 1161 590 omnes
1183 563 1264 589 ante
1288 567 1365 589 eum
1389 555 1602 589 tremebant:
1627 556 1758 599 quippe
1781 556 1836 589 cui
1859 557 2033 589 neminem
2048 557 2227 590 assimilari

381 624 480 657 posse
505 614 607 647 armis
630 619 664 646 et
686 612 840 656 ingenio,
863 612 925 645 sed
948 621 1059 654 neque
1084 610 1223 649 viribus,
1255 610 1430 643 dicebant.

469 668 582 700 Tanta
603 667 719 710 itaque
741 665 890 708 pecunia
913 664 1126 698 Guiscardus
1150 669 1306 706 accepta,
1330 673 1420 702 suos,
1444 663 1662 696 abundanter
1685 664 1950 703 remunerando,
1974 665 2010 697 in
2033 664 2086 697 sui
2115 664 2227 697 fideli-

382 727 451 754 tate
463 721 612 754 roborat.
647 719 945 762 Calabrensesque
961 717 1160 751 infestiores
1176 717 1304 755 reddit,
1321 716 1497 749 cotidiano
1512 717 1644 760 impetu
1657 716 1830 750 lacessens
1845 717 2099 751 Bisinianenses
2113 724 2148 751 et
2163 716 2228 751 cu-

380 775 531 807 sentinos
554 780 590 807 et
611 773 892 806 Marturanenses
906 771 915 788 ¹
946 778 981 804 et
1011 772 1064 804 his
1095 771 1313 815 adjacentem
1345 770 1560 813 provinciam
1592 780 1708 803 secum
1739 771 1867 804 foedus
1895 771 1984 806 inire
2017 772 2142 816 coegit,
2165 771 2226 805 tali

382 828 545 861 videlicet
568 833 682 870 pact0,
705 833 753 865 ut,
777 832 891 859 castra
912 836 973 858 sua
995 825 1195 863 retinentes,
1218 823 1395 857 servitium
1419 823 1659 856 tantummodo
1682 830 1718 857 et
1747 824 1874 858 tributa
1903 825 2159 868 persolverent:
2190 830 2226 858 et

383 883 450 915 hoc
472 880 694 914 sacramentis
718 886 753 913 et
774 879 950 913 obsidibus
971 879 1234 922 spoponderunt
1247 877 1269 911 ².

469 987 599 1021 XVIII.
625 1006 664 1011 —
688 986 902 1019 Humfredus
923 986 1032 1029 igitur
1055 995 1180 1023 comes,
1205 984 1369 1027 Apuliam
1393 985 1641 1028 gloriosissime
1665 991 1700 1018 et
1721 985 1887 1019 laudabili
1913 996 2000 1029 pace
2016 986 2226 1030 gubernans,

381 1042 577 1074 infirmitate
607 1046 816 1083 praeventus
839 1058 880 1062 —
905 1039 999 1083 quod
1022 1039 1123 1071 dolor
1147 1044 1199 1071 est
1223 1038 1364 1071 dicerel
1395 1057 1437 1062 —-
1469 1044 1624 1072 mortuus
1655 1045 1706 1072 est
1717 1039 1740 1072 ³.
1787 1037 1895 1077 Quod
1918 1039 2141 1079 Guiscardus,
2163 1040 2224 1084 qui

382 1101 465 1128 tunc
488 1094 661 1137 tem'poris
682 1093 776 1136 apud
791 1091 956 1125 Sanctum
973 1092 1131 1124 Marcum
1147 1091 1356 1131 morabatur,
1372 1092 1527 1131 audiens,
1544 1102 1662 1125 versus
1677 1091 1842 1135 Apuliam
1864 1103 1991 1137 magno
2007 1103 2087 1126 cum
2103 1093 2225 1127 dolore

381 1148 483 1181 animi
507 1157 739 1191 approperare
762 1146 955 1184 accelerat3
979 1152 1226 1189 susceptusque
1250 1157 1270 1178 a
1293 1146 1426 1188 patriae
1449 1146 1663 1189 primatibus,
1687 1146 1838 1179 omnium
1862 1147 2021 1180 dominus
2042 1153 2079 1180 et
2095 1157 2224 1186 comes,

380 1202 416 1234 in
441 1202 518 1234 loco
541 1202 668 1240 fratris,
692 1200 847 1233 efficitur.
893 1200 1138 1242 ordinatisque
1161 1199 1265 1232 rebus
1281 1198 1350 1232 suis
1366 1205 1401 1232 et
1416 1205 1490 1232 tota
1505 1198 1635 1243 Apulia
1651 1199 1716 1232 sibi
1730 1200 1768 1232 in
1783 1210 1872 1242 pace
1889 1200 2076 1234 conciliata
2089 1200 2114 1240 ⁴,
2129 1199 2225 1245 quod

380 1255 526 1297 primurn
549 1255 584 1286 in
607 1253 721 1286 animo
746 1259 967 1295 conceperat,
991 1253 1130 1285 minime
1153 1252 1314 1286 oblivisci
1338 1253 1458 1296 potuit.
1506 1253 1587 1292 Sed,
1610 1254 1679 1297 J‘am
1696 1252 1864 1296 'ampliori
1887 1254 2034 1296 imperio
2050 1254 2224 1294 dilatatus,

380 1313 415 1340 et
437 1307 620 1350 majoribus
642 1306 783 1346 viribus,
806 1306 948 1339 militum
972 1306 1137 1339 videlicet
1160 1307 1272 1348 copia,
1296 1312 1430 1346 auctus,
1452 1307 1499 1339 ad
1522 1306 1617 1350 quod
1640 1313 1807 1349 coeperat
1822 1308 2073 1351 peragendum,
2095 1307 2223 1341 iterum

379 1361 536 1393 intendit.
567 1360 731 1393 Exercitu
742 1360 857 1402 itaque
872 1365 1042 1392 commoto
1055 1365 1090 1392 et
1102 1360 1155 1392 his
1167 1370 1255 1402 quae
1272 1358 1317 1392 ad
1333 1359 1593 1402 expeditionem
1606 1360 1804 1393 necessaria
1815 1366 1913 1394 erant
1925 1360 2090 1404 {paratis}
2102 1371 2224 1394 versus

380 1420 495 1456 partes
529 1404 710 1447 Calabriae
745 1413 854 1446 aciem
886 1413 1017 1456 dirigit:
1052 1413 1355 1456 pertransiensque
1387 1413 1594 1446 Cusentinos
1625 1414 1711 1446 fines
1741 1419 1776 1446 et
1805 1413 2097 1454 Marturanenses‚
2126 1415 2224 1459 juxta

380 1467 511 1500 calidas
534 1477 640 1510 aquas
662 1476 766 1509 super
789 1466 938 1508 flumine,
963 1465 1056 1510 quod
1078 1465 1216 1499 Lamita
1239 1466 1367 1499 dicitur
1384 1465 1406 1506 ⁵,
1430 1466 1538 1500 biduo
1561 1467 1764 1509 permansit,
1787 1473 1825 1499 ut
1855 1467 2058 1507 exercitum,
2089 1467 2224 1500 itineris

379 1520 564 1563 asperitate
587 1520 780 1563 fatigatum,
802 1526 978 1552 recrearet
1000 1526 1034 1552 et
1057 1525 1183 1553 terram
1209 1519 1310 1552 citius
1333 1520 1542 1563 exploraret.
1590 1521 1748 1563 Indeque
1778 1521 2012 1563 pertransiens
2041 1531 2150 1565 usque
2176 1521 2223 1553 ad

383 1579 540 1612 castrum,
564 1574 658 1617 quod
682 1570 931 1607 Sckillacium⁶
954 1572 1090 1613 dicitur,
1114 1574 1209 1618 juxta
1234 1574 1311 1607 litus
1333 1574 1436 1607 maris
1458 1575 1526 1607 iter
1548 1574 1742 1613 intendens,
1758 1574 1911 1618 Regium
1927 1584 2037 1618 usque
2052 1575 2224 1617 pervenit,

380 1627 450 1666 ubi,
472 1627 589 1660 triduo
614 1627 682 1660 situ
705 1626 773 1659 loci
795 1627 965 1670 inspecto,
988 1637 1067 1659 cum
1090 1627 1227 1660 videret
1250 1638 1287 1660 se
1313 1628 1408 1660 cives
1431 1627 1526 1660 urbis
1548 1638 1614 1662 nec
1637 1628 1743 1660 minis
1766 1639 1832 1661 nec
1857 1628 2102 1662 blandimentis
2126 1627 2225 1661 infle-

380 1687 474 1714 ctere
497 1691 610 1723 posse,
633 1679 836 1724 quibusdam
860 1680 1010 1724 negotiis
1031 1691 1149 1714 versus
1171 1680 1335 1724 Apuliam
1351 1681 1606 1721 revocantibus,
1623 1682 1771 1715 reditum
1787 1688 1898 1724 parat.
1935 1682 2115 1715 Redeunti
2130 1681 2226 1734 Neo:

381 1741 528 1767 castrum
551 1740 586 1767 et
607 1733 702 1777 Maja
723 1739 758 1767 et
781 1734 943 1774 Canales,
966 1745 1091 1778 pacem
1112 1735 1292 1774 facientes,
1315 1746 1391 1768 sese
1424 1736 1605 1769 dederunt.

467 1841 564 1874 XIX.
588 1859 629 1865 —-
653 1841 826 1885 Rogerius
849 1852 932 1875 vero
954 1842 1067 1875 minor
1089 1842 1209 1881 frater,
1232 1853 1335 1886 quem
1359 1843 1476 1876 adhuc
1499 1844 1592 1877 domi
1613 1844 1777 1888 juvenilis
1800 1849 1895 1877 aetas
1917 1850 1952 1877 et
1973 1853 2072 1877 amor
2095 1853 2222 1887 paren-

380 1901 450 1928 tum
473 1895 677 1934 detinuerat,
701 1895 914 1936 subsecutus,
936 1895 974 1928 in
989 1895 1151 1938 Apuliam
1175 1896 1271 1929 venit
1283 1896 1304 1929 ⁷.
1350 1897 1403 1929 De
1427 1898 1524 1930 cuius
1547 1898 1698 1931 adventu
1722 1897 1933 1931 Guiscardus
1961 1907 2031 1931 non
2045 1897 2223 1931 minimum

379 1949 524 1992 gavisus,
547 1949 688 1988 honore,
712 1959 780 1992 quo
804 1949 963 1988 decebat,
986 1960 1064 1982 eum
1089 1950 1250 1993 suscepit.
1297 1951 1382 1984 Erat
1405 1951 1496 1983 enim
1518 1951 1653 1995 juvenis
1675 1951 1939 1993 pulcherrimus,
1963 1961 2130 1995 procerae
2152 1956 2223 1985 sta-

471 2067 492 2085 1.
505 2062 670 2094 receperunt
682 2062 710 2085 P
727 2075 759 2080 —
780 2067 804 2086 2.
823 2069 916 2086 secum
934 2070 983 2087 om.
1002 2063 1032 2087 D
1051 2076 1081 2080 —
1102 2070 1127 2095 3.
1147 2063 1346 2088 assistentibus
1366 2064 1430 2088 BD
1447 2077 1483 2082 —
1501 2072 1525 2096 4.
1546 2063 1768 2089 Calabrensibus
1786 2065 1854 2090 BD
1870 2077 1904 2083 —
1923 2063 1948 2089 6.
1968 2065 2016 2089 sed
2033 2071 2083 2090 ηι-
2104 2064 2168 2090 BD
2186 2077 2220 2082 —

381 2102 405 2127 8.
418 2103 589 2135 quotidiano
607 2104 635 2128 P
650 2117 683 2122 —
696 2102 751 2136 8-9.
770 2103 964 2129 Consentinos
983 2107 1011 2130 et
1033 2105 1271 2130 Marturianenses
1289 2106 1318 2130 P
1334 2106 1385 2138 qus·
1400 2114 1414 2130 e
1431 2109 1532 2138 sempr:
1552 2120 1585 2124 —
1607 2113 1646 2132 10.
1665 2107 1804 2131 tributum
1823 2108 1852 2132 P
1869 2120 1901 2126 —
1923 2114 1934 2132 ι
1939 2114 1964 2139 3.
1983 2106 2059 2140 quod
2077 2106 2161 2132 dolor
2179 2108 2222 2132 est

380 2145 471 2170 dicere
493 2152 541 2170 om.
566 2146 631 2170 BD
653 2159 689 2163 —
715 2150 755 2178 ¹5·
781 2154 968 2180 approperare
992 2155 1040 2172 om.
1067 2148 1095 2172 P
1117 2161 1149 2165 —
1177 2147 1218 2173 16.
1238 2149 1345 2178 fratris,
1364 2147 1494 2183 efficitur]
1514 2150 1556 2178 P;
1578 2150 1684 2180 fratris,
1702 2151 1834 2183 acceptus
1853 2150 1915 2175 BD
1933 2163 1968 2168 —-
1990 2155 2030 2182 17.
2050 2151 2081 2174 ln
2094 2157 2148 2175 >m
2165 2149 2196 2174 P
2211 2162 2221 2168 -

380 2187 517 2212 dilatatus
535 2195 583 2214 om.
602 2188 665 2213 BD
682 2202 715 2207 —
734 2194 776 2213 20.
795 2188 918 2221 finesque
936 2190 1054 2214 Martur.
1069 2190 1131 2215 BD
1143 2204 1176 2208 -—
1197 2197 1239 2215 21.
1252 2198 1337 2224 supra
1349 2191 1466 2216 fluvium
1479 2192 1529 2224 qui
1541 2191 1652 2218 Nocato
1665 2192 1774 2217 dicitur
1786 2192 1837 2217 cosi
1849 2192 1913 2217 BD
1925 2206 1959 2211 —
1972 2198 2013 2217 22.
2032 2193 2137 2218 certius
2149 2192 2178 2218 P
2188 2205 2221 2211 —

383 2236 423 2262 ²3·
443 2229 607 2262 Scyllatium
627 2231 669 2261 1²3
687 2229 861 2263 Syllachium
881 2233 947 2257 BD
966 2245 998 2250 —
1017 2239 1107 2266 24-25.
1126 2233 1234 2258 flectere
1254 2234 1282 2258 P
1299 2247 1332 2252 —
1352 2239 1395 2266 25.
1415 2235 1608 2260 invitantibus
1628 2235 1694 2259 BD
1712 2248 1744 2253 —
1764 2234 2220 2268 25-26.Decedenti1.eueutmm

379 2273 407 2296 et
424 2271 502 2297 Maia
519 2274 548 2297 et
566 2271 694 2298 Canalda
712 2272 764 2298 cosi
781 2274 810 2298 Ρ
826 2287 858 2292 -
879 2273 920 2299 28.
939 2273 1101 2308 minimum]
1119 2276 1261 2301 modlcum
1282 2276 1344 2301 BD

467 2372 475 2388 ¹
494 2375 660 2407 BisIgnano,
679 2376 710 2400 in
729 2383 810 2409 prov.
830 2377 861 2401 di
881 2376 1024 2407 Cosenza;
1044 2378 1214 2410 Max-titano,
1240 2381 1269 2404 in

380 2416 473 2448 quella
491 2417 521 2442 di
541 2416 710 2442 Catanzaro.

466 2456 478 2474 ²
495 2457 604 2487 Questo
617 2459 722 2484 brano:
745 2459 758 2473 “
768 2460 862 2485 Tanta
874 2479 879 2485 .
891 2479 897 2485 .
909 2480 915 2485 .
925 2478 933 2486 .
953 2463 1171 2496 spoponderunt
1181 2482 1207 2496 η,
1220 2464 1271 2489 che

380 2499 568 2534 loglcamente
589 2502 616 2526 fa
635 2503 714 2535 parte
733 2503 778 2527 del
804 2510 863 2536 cap.
890 2503 968 2528 XVII
992 2504 1026 2528 ed
1051 2506 1079 2530 al
1105 2507 1188 2537 quale
1212 2506 1270 2532 l’ho

380 2544 471 2573 unito,
484 2542 499 2568 e
512 2545 596 2576 posto
610 2544 645 2569 da
659 2545 726 2569 tutti
741 2545 783 2577 gll
797 2546 902 2570 editori
917 2547 944 2570 al
965 2548 1110 2580 principio
1129 2549 1174 2573 del
1194 2549 1270 2582 capl—

380 2585 441 2610 tolo
459 2588 629 2611 successivo.

466 2627 489 2652 11
508 2629 625 2653 sistema
643 2629 672 2653 di
692 2631 850 2661 conquista,
869 2630 919 2655 che
932 2630 954 2654 il
968 2629 1127 2657 Guiscardo
1141 2632 1269 2667 persegul

379 2669 410 2693 in
430 2668 572 2700 Calabria,
590 2669 605 2695 ὲ
625 2672 800 2697 confermato
819 2672 856 2696 da
874 2671 960 2698 Gan..
973 2674 1074 2704 Apus„
1086 2675 1121 2706 11,
1136 2681 1185 2708 297
1201 2684 1268 2709 sgg„

379 2717 394 2735 e
413 2711 447 2736 da
466 2711 528 2737 Lao
548 2712 625 2745 Osa,
644 2713 692 2744 111,
714 2720 753 2746 15,
773 2715 823 2739 che
837 2722 919 2748 segue
931 2715 1052 2746 Amat03
1075 2725 1090 2741 e
1108 2716 1207 2742 un'eco
1221 2719 1270 2743 do—

379 2753 474 2778 lorosa
493 2755 522 2779 di
540 2762 601 2780 essa
621 2757 714 2780 arriva
739 2757 827 2781 anche
852 2764 868 2781 a
894 2758 942 2781 noi
968 2759 1127 2784 attraverso
1153 2761 1271 2792 qualche

380 2797 530 2827 superstite
542 2798 620 2822 carta
633 2798 661 2821 di
676 2798 854 2823 cancellaria.
885 2798 930 2823 Cf.
944 2799 1131 2832 Tmucxmaa,
1144 2802 1271 2834 Syllabas

375 2844 533 2868 graecarum
552 2839 775 2868 membranarum,
794 2847 822 2873 p.
843 2848 883 2872 14.

465 2876 477 2894 ³
497 2878 571 2904 Mori
592 2881 637 2905 nel
659 2881 744 2914 10563
771 2882 843 2908 Lm’.
870 2883 1022 2913 Pam-osv..
1047 2885 1085 2909 ad
1106 2894 1187 2911 anm:
1209 2886 1269 2910 “Et

381 2920 395 2934 “
402 2920 537 2946 Umiredo
550 2923 626 2947 obiit
639 2925 666 2948 et
679 2923 826 2954 Robertus,
840 2926 926 2950 frater
939 2926 1007 2955 eius,
1018 2926 1110 2952 sactus
1124 2930 1166 2952 est
1178 2928 1235 2953 dux
1243 2945 1268 2961 „.

379 2962 448 2988 Allo
467 2964 556 2988 stesso
574 2971 652 2989 anno
666 2967 786 2998 registra
799 2967 856 2991 tale
871 2968 983 2993 decesso
998 2967 1019 2992 il
1035 2967 1181 2994 chronicon
1194 2971 1269 2995 breve

379 3003 482 3030 Narem.
520 3005 542 3029 11
563 3005 603 3030 D1
621 3006 698 3037 Mso,
717 3008 827 3040 Ano-au,
846 3009 907 3039 VII,
931 3009 992 3042 376,
1019 3010 1048 3035 lo
1070 3018 1145 3043 pone
1170 3013 1268 3037 invece

1326 2380 1372 2404 nel
1395 2385 1471 2413 1057.

1412 2423 1425 2440 ⁴
1443 2423 1530 2448 Fone
1548 2423 1644 2448 allude
1664 2423 1721 2448 alla
1740 2423 1846 2448 rivolta
1866 2424 1895 2448 di
1914 2423 2013 2449 Pletro
2032 2423 2062 2448 dl
2075 2422 2175 2454 Tranl,
2187 2423 2220 2449 dl

1326 2467 1370 2490 cui
1390 2465 1471 2498 parla
1491 2466 1614 2497 ΑΜΛΤο,
1633 2465 1682 2497 Ν,
1701 2470 1756 2498 5-7.

1412 2506 1423 2523 ⁵
1442 2508 1508 2533 Non
1522 2509 1616 2541 sapt-ei
1628 2509 1817 2534 determinare
1830 2510 1928 2541 questa
1942 2507 2071 2534 locanti.
2101 2509 2134 2535 In
2149 2508 2220 2534 viei-

1326 2557 1416 2575 nanza
1435 2551 1464 2575 di
1485 2551 1618 2576 Nicastro
1638 2564 1671 2569 —-
1690 2552 1895 2583 precisarnente
1908 2559 1923 2576 a
1935 2551 2079 2576 Sambiase
2091 2563 2124 2569 ·—
2137 2549 2152 2576 ὲ
2165 2558 2222 2576 una

1324 2594 1441 2625 soi-gira
1460 2592 1576 2626 d’acqua
1595 2593 1747 2623 solsorosa,
1767 2595 1834 2626 oggi
1855 2594 1996 2619 chiamata
2009 2593 2108 2618 Fiume
2119 2593 2222 2626 Bagai.

1324 2634 1377 2658 Nei
1397 2636 1486 2667 pressi
1507 2635 1537 2659 di
1556 2635 1758 2660 Mareellinam
1777 2642 1871 2660 scorre
1896 2643 1934 2660 un
1959 2637 2087 2660 torrente
2105 2635 2222 2668 d’ucque

1324 2676 1410 2708 doiei,
1432 2677 1453 2701 il
1474 2677 1603 2709 Lamato,
1623 2678 1673 2702 che
1692 2679 1715 2702 si
1735 2679 1814 2710 getta
1832 2678 1877 2702 nel
1894 2677 1983 2703 Golfo
1997 2678 2027 2703 di
2040 2676 2068 2703 S.
2081 2677 2220 2703 Eufernia.

1413 2720 1424 2737 ⁶
1443 2720 1487 2744 Da
1506 2719 1650 2752 Squillace
1675 2722 1896 2754 costegglarono
1923 2721 1943 2744 il
1969 2721 2032 2745 Mar
2052 2719 2138 2747 Ionlo
2163 2720 2220 2745 fmo

1325 2769 1339 2786 a
1358 2761 1470 2795 Reggio
1490 2762 1519 2787 di
1541 2761 1685 2794 Calabria,
1711 2763 1814 2794 donde,
1839 2763 1995 2793 risalendo,
2019 2762 2220 2796 s’lmpadroni·

1325 2811 1396 2828 rono
1415 2806 1443 2829 di
1463 2805 1605 2837 Nicastm,
1626 2805 1724 2831 Maida
1743 2813 1757 2830 e
1777 2806 1912 2836 Canalea,
1932 2805 2126 2838 quest’ultima
2151 2806 2219 2839 oggi

1324 2845 1352 2870 dl
1374 2847 1489 2871 difficile
1507 2847 1746 2872 identificazione.

1411 2886 1423 2903 ⁷
1441 2888 1571 2914 Secundo
1591 2890 1620 2915 lo
1640 2889 1837 2922 Cumanum«,
1855 2894 1895 2923 op.
1915 2891 1969 2922 cir„
1990 2890 2047 2915 vol.
2064 2890 2086 2920 1,
2112 2897 2139 2923 p.
2162 2895 2219 2922 150.

1323 2930 1461 2955 conviene
1481 2939 1564 2963 porte
1582 2932 1611 2956 la
1629 2935 1734 2958 venuta
1763 2933 1793 2957 dl
1812 2931 1956 2966 Ruggiero
1982 2933 2076 2966 prima
2101 2929 2220 2957 dell'an-

1324 2972 1390 2996 data
1404 2972 1433 2996 di
1448 2972 1607 2999 Gulscardo
1622 2975 1652 2998 in
1665 2974 1778 3008 Puglla.
1804 2975 1905 2999 Infatti
1921 2976 2011 3007 questi
2027 2982 2084 2999 non
2099 2975 2122 2999 si
2135 2976 2219 2999 trova

1324 3015 1353 3038 in
1374 3013 1509 3040 Calabria
1528 3016 1648 3046 durante
1668 3017 1694 3042 le
1713 3019 1803 3050 prlme
1822 3019 1893 3042 armi
1915 3017 1960 3042 del
1980 3017 2104 3042 fratello.

2273 528 2306 589 5.

2252 825 2301 858 10¹

2251 1146 2301 1180 15·

2247 1414 2291 1446 20

2247 1681 2302 1722 25Δ

2249 2472 2282 2501 ²⁵

2247 2689 2283 2715 30

2248 2899 2280 2925 35
