<?xml version="1.0" encoding="UTF-8"?>
<!DOCTYPE html PUBLIC "-//W3C//DTD XHTML 1.0 Transitional//EN"
    "http://www.w3.org/TR/xhtml1/DTD/xhtml1-transitional.dtd">
<html xmlns="http://www.w3.org/1999/xhtml" xml:lang="en" lang="en">
 <head>
  <title>
</title>
<meta http-equiv="Content-Type" content="text/html;charset=utf-8" />
  <meta name='ocr-system' content='tesseract 3.04.00' />
  <meta name='ocr-capabilities' content='ocr_page ocr_carea ocr_par ocr_line ocrx_word'/>
</head>
<body>
  <div class='ocr_page' id='page_1' title='image "./rerumitalicarums51murauoft_0192.png"; bbox 0 0 2314 3418; ppageno 0'>
   <div class='ocr_carea' id='block_1_1' title="bbox 197 454 302 478">
    <p class='ocr_par' dir='ltr' id='par_1_1' title="bbox 197 454 302 478">
     <span class='ocr_line' id='line_1_1' title="bbox 197 454 302 478; baseline 0 -5"><span class='ocrx_word' id='word_1_1' title='bbox 197 454 227 477; x_wconf 73' lang='lat' dir='ltr'>l),</span> <span class='ocrx_word' id='word_1_2' title='bbox 244 459 302 478; x_wconf 53' lang='grc' dir='ltr'>[μυ</span> 
     </span>
    </p>
   </div>
   <div class='ocr_carea' id='block_1_2' title="bbox 194 2161 301 2186">
    <p class='ocr_par' dir='ltr' id='par_1_2' title="bbox 194 2161 301 2186">
     <span class='ocr_line' id='line_1_2' title="bbox 194 2161 301 2186; baseline 0 -6"><span class='ocrx_word' id='word_1_3' title='bbox 194 2161 224 2183; x_wconf 83' lang='lat' dir='ltr'>D,</span> <span class='ocrx_word' id='word_1_4' title='bbox 242 2163 301 2186; x_wconf 73' lang='lat'><strong><em>¹3⁶1‘</em></strong></span> 
     </span>
    </p>
   </div>
   <div class='ocr_carea' id='block_1_3' title="bbox 318 2913 2313 2948">
    <p class='ocr_par' dir='ltr' id='par_1_3' title="bbox 318 2913 2313 2948">
     <span class='ocr_line' id='line_1_3' title="bbox 318 2913 2313 2948; baseline 0.002 -13"><span class='ocrx_word' id='word_1_5' title='bbox 318 2918 350 2936; x_wconf 87' lang='lat'>10</span> <span class='ocrx_word' id='word_1_6' title='bbox 377 2913 435 2943; x_wconf 87' lang='lat' dir='ltr'>che,</span> <span class='ocrx_word' id='word_1_7' title='bbox 453 2913 484 2937; x_wconf 82' lang='lat' dir='ltr'>in</span> <span class='ocrx_word' id='word_1_8' title='bbox 504 2914 596 2946; x_wconf 89' lang='lat' dir='ltr'>quelle</span> <span class='ocrx_word' id='word_1_9' title='bbox 615 2915 809 2946; x_wconf 83' lang='lat' dir='ltr'>contingenze,</span> <span class='ocrx_word' id='word_1_10' title='bbox 829 2913 970 2938; x_wconf 84' lang='lat' dir='ltr'>Riccardo</span> <span class='ocrx_word' id='word_1_11' title='bbox 988 2913 1015 2937; x_wconf 94' lang='lat' dir='ltr'>II</span> <span class='ocrx_word' id='word_1_12' title='bbox 1034 2920 1079 2937; x_wconf 86' lang='lat' dir='ltr'>era</span> <span class='ocrx_word' id='word_1_13' title='bbox 1099 2913 1234 2937; x_wconf 81' lang='lat' dir='ltr'>costretto</span> <span class='ocrx_word' id='word_1_14' title='bbox 1248 2921 1263 2937; x_wconf 83' lang='lat' dir='ltr'>a</span> <span class='ocrx_word' id='word_1_15' title='bbox 1319 2915 1470 2939; x_wconf 86' lang='lat' dir='ltr'>settimana</span> <span class='ocrx_word' id='word_1_16' title='bbox 1489 2914 1565 2948; x_wconf 91' lang='lat' dir='ltr'>dopo</span> <span class='ocrx_word' id='word_1_17' title='bbox 1584 2914 1694 2946; x_wconf 85' lang='lat' dir='ltr'>Pasqua</span> <span class='ocrx_word' id='word_1_18' title='bbox 1713 2913 1856 2939; x_wconf 74' lang='lat' dir='ltr'>comincio</span> <span class='ocrx_word' id='word_1_19' title='bbox 1875 2915 1898 2939; x_wconf 85' lang='lat' dir='ltr'>il</span> <span class='ocrx_word' id='word_1_20' title='bbox 1924 2919 1939 2946; x_wconf 83' lang='lat'><strong>5</strong></span> <span class='ocrx_word' id='word_1_21' title='bbox 1965 2914 2064 2947; x_wconf 81' lang='lat' dir='ltr'>aprile.</span> <span class='ocrx_word' id='word_1_22' title='bbox 2100 2913 2152 2938; x_wconf 59' lang='lat'>128</span> <span class='ocrx_word' id='word_1_23' title='bbox 2176 2914 2208 2939; x_wconf 85' lang='lat' dir='ltr'>dl</span> <span class='ocrx_word' id='word_1_24' title='bbox 2237 2922 2267 2948; x_wconf 82' lang='lat'>15</span> <span class='ocrx_word' id='word_1_25' title='bbox 2308 2925 2313 2945; x_wconf 63' lang='grc' dir='ltr'><strong>χ</strong></span> 
     </span>
    </p>
   </div>
   <div class='ocr_carea' id='block_1_4' title="bbox 380 213 2205 257">
    <p class='ocr_par' dir='ltr' id='par_1_4' title="bbox 380 213 2205 257">
     <span class='ocr_line' id='line_1_4' title="bbox 380 213 2205 257; baseline 0 -8"><span class='ocrx_word' id='word_1_26' title='bbox 380 214 448 250; x_wconf 87' lang='grc'>104</span> <span class='ocrx_word' id='word_1_27' title='bbox 951 213 1225 249; x_wconf 83' lang='lat' dir='ltr'>GAUFREDI</span> <span class='ocrx_word' id='word_1_28' title='bbox 1252 213 1630 250; x_wconf 83' lang='lat' dir='ltr'><strong>MALATERRAE</strong></span> <span class='ocrx_word' id='word_1_29' title='bbox 2040 222 2090 257; x_wconf 82' lang='grc' dir='ltr'>[Α.</span> <span class='ocrx_word' id='word_1_30' title='bbox 2112 223 2205 257; x_wconf 80' lang='lat'>1098]</span> 
     </span>
    </p>
   </div>
   <div class='ocr_carea' id='block_1_5' title="bbox 369 335 2205 806">
    <p class='ocr_par' dir='ltr' id='par_1_5' title="bbox 370 335 2205 589">
     <span class='ocr_line' id='line_1_5' title="bbox 371 335 2205 382; baseline 0.003 -14"><span class='ocrx_word' id='word_1_31' title='bbox 371 337 491 369; x_wconf 88' lang='lat' dir='ltr'>lerent.</span> <span class='ocrx_word' id='word_1_32' title='bbox 537 336 664 379; x_wconf 89' lang='lat' dir='ltr'>Sicque</span> <span class='ocrx_word' id='word_1_33' title='bbox 689 335 820 369; x_wconf 87' lang='lat' dir='ltr'>directo</span> <span class='ocrx_word' id='word_1_34' title='bbox 844 346 946 368; x_wconf 91' lang='lat' dir='ltr'>cursu</span> <span class='ocrx_word' id='word_1_35' title='bbox 970 336 1146 374; x_wconf 91' lang='lat' dir='ltr'>divinitus,</span> <span class='ocrx_word' id='word_1_36' title='bbox 1169 341 1206 367; x_wconf 91' lang='lat' dir='ltr'>ut</span> <span class='ocrx_word' id='word_1_37' title='bbox 1222 335 1405 374; x_wconf 85' lang='lat' dir='ltr'>credimus,</span> <span class='ocrx_word' id='word_1_38' title='bbox 1421 336 1617 379; x_wconf 87' lang='lat' dir='ltr'>regebatur,</span> <span class='ocrx_word' id='word_1_39' title='bbox 1632 342 1670 370; x_wconf 92' lang='lat' dir='ltr'>ut</span> <span class='ocrx_word' id='word_1_40' title='bbox 1684 348 1762 370; x_wconf 88' lang='lat' dir='ltr'>cum</span> <span class='ocrx_word' id='word_1_41' title='bbox 1780 338 1871 371; x_wconf 89' lang='lat' dir='ltr'>idem</span> <span class='ocrx_word' id='word_1_42' title='bbox 1887 346 2006 382; x_wconf 83' lang='lat' dir='ltr'>portus</span> <span class='ocrx_word' id='word_1_43' title='bbox 2021 340 2205 373; x_wconf 87' lang='lat' dir='ltr'>condensis</span> 
     </span>
     <span class='ocr_line' id='line_1_6' title="bbox 373 388 2205 436; baseline 0.002 -15"><span class='ocrx_word' id='word_1_44' title='bbox 373 388 520 433; x_wconf 83' lang='lat' dir='ltr'>syrtibus</span> <span class='ocrx_word' id='word_1_45' title='bbox 543 390 663 421; x_wconf 83' lang='lat' dir='ltr'>insitus</span> <span class='ocrx_word' id='word_1_46' title='bbox 686 394 760 421; x_wconf 88' lang='lat' dir='ltr'>arto</span> <span class='ocrx_word' id='word_1_47' title='bbox 784 394 819 421; x_wconf 92' lang='lat' dir='ltr'>et</span> <span class='ocrx_word' id='word_1_48' title='bbox 834 388 1030 431; x_wconf 86' lang='lat' dir='ltr'>periculoso</span> <span class='ocrx_word' id='word_1_49' title='bbox 1053 388 1161 426; x_wconf 86' lang='lat' dir='ltr'>aditu,</span> <span class='ocrx_word' id='word_1_50' title='bbox 1184 389 1248 421; x_wconf 88' lang='lat' dir='ltr'>nisi</span> <span class='ocrx_word' id='word_1_51' title='bbox 1272 399 1292 420; x_wconf 90' lang='lat' dir='ltr'>a</span> <span class='ocrx_word' id='word_1_52' title='bbox 1313 389 1434 430; x_wconf 86' lang='lat' dir='ltr'>peritis</span> <span class='ocrx_word' id='word_1_53' title='bbox 1455 390 1568 421; x_wconf 81' lang='lat' dir='ltr'>nautis</span> <span class='ocrx_word' id='word_1_54' title='bbox 1589 394 1821 429; x_wconf 86' lang='lat' dir='ltr'>atterraretur‚</span> <span class='ocrx_word' id='word_1_55' title='bbox 1844 393 1888 424; x_wconf 90' lang='lat' dir='ltr'>ad</span> <span class='ocrx_word' id='word_1_56' title='bbox 1911 393 2054 426; x_wconf 88' lang='lat' dir='ltr'>insulam</span> <span class='ocrx_word' id='word_1_57' title='bbox 2078 399 2205 436; x_wconf 86' lang='lat' dir='ltr'>pateat,</span> 
     </span>
     <span class='ocr_line' id='line_1_7' title="bbox 376 441 2204 487; baseline 0.003 -13"><span class='ocrx_word' id='word_1_58' title='bbox 376 441 528 485; x_wconf 85' lang='lat' dir='ltr'>impune&#39;</span> <span class='ocrx_word' id='word_1_59' title='bbox 552 443 753 484; x_wconf 84' lang='lat' dir='ltr'>scopulosas</span> <span class='ocrx_word' id='word_1_60' title='bbox 776 441 887 474; x_wconf 89' lang='lat' dir='ltr'>undas</span> <span class='ocrx_word' id='word_1_61' title='bbox 903 441 1043 484; x_wconf 88' lang='lat' dir='ltr'>placido</span> <span class='ocrx_word' id='word_1_62' title='bbox 1059 447 1161 483; x_wconf 88' lang='lat' dir='ltr'>portu</span> <span class='ocrx_word' id='word_1_63' title='bbox 1178 442 1405 484; x_wconf 81' lang='lat' dir='ltr'><strong>applicarent.</strong></span> <span class='ocrx_word' id='word_1_64' title='bbox 1451 442 1617 475; x_wconf 84' lang='lat' dir='ltr'><strong>Hostibus</strong></span> <span class='ocrx_word' id='word_1_65' title='bbox 1632 444 1750 487; x_wconf 87' lang='lat' dir='ltr'>itaque</span> <span class='ocrx_word' id='word_1_66' title='bbox 1765 445 1936 479; x_wconf 76' lang='lat' dir='ltr'>frustratis</span> <span class='ocrx_word' id='word_1_67' title='bbox 1950 447 2204 486; x_wconf 75' lang='lat' dir='ltr'>recedentibus,</span> 
     </span>
     <span class='ocr_line' id='line_1_8' title="bbox 370 493 2205 539; baseline 0.003 -12"><span class='ocrx_word' id='word_1_68' title='bbox 370 495 434 537; x_wconf 88' lang='lat' dir='ltr'>ipsi</span> <span class='ocrx_word' id='word_1_69' title='bbox 457 504 624 538; x_wconf 87' lang='lat' dir='ltr'>prospero</span> <span class='ocrx_word' id='word_1_70' title='bbox 648 504 809 537; x_wconf 86' lang='lat' dir='ltr'>aequore,</span> <span class='ocrx_word' id='word_1_71' title='bbox 839 494 874 525; x_wconf 91' lang='lat' dir='ltr'>in</span> <span class='ocrx_word' id='word_1_72' title='bbox 905 505 972 537; x_wconf 94' lang='lat' dir='ltr'>quo</span> <span class='ocrx_word' id='word_1_73' title='bbox 1005 493 1246 536; x_wconf 83' lang='lat' dir='ltr'>disponebant,</span> <span class='ocrx_word' id='word_1_74' title='bbox 1277 494 1505 536; x_wconf 84' lang='lat' dir='ltr'>applicantes,</span> <span class='ocrx_word' id='word_1_75' title='bbox 1536 495 1582 527; x_wconf 85' lang='lat' dir='ltr'>ad</span> <span class='ocrx_word' id='word_1_76' title='bbox 1612 495 1771 528; x_wconf 89' lang='lat' dir='ltr'>comitem</span> <span class='ocrx_word' id='word_1_77' title='bbox 1801 498 2017 539; x_wconf 87' lang='lat' dir='ltr'>perveniunt,</span> <span class='ocrx_word' id='word_1_78' title='bbox 2048 499 2205 532; x_wconf 82' lang='lat' dir='ltr'>ordinem</span> 
     </span>
     <span class='ocr_line' id='line_1_9' title="bbox 371 548 870 589; baseline -0.002 -8"><span class='ocrx_word' id='word_1_79' title='bbox 371 548 518 581; x_wconf 86' lang='lat' dir='ltr'>actionis</span> <span class='ocrx_word' id='word_1_80' title='bbox 539 558 620 580; x_wconf 89' lang='lat' dir='ltr'>suae</span> <span class='ocrx_word' id='word_1_81' title='bbox 645 553 870 589; x_wconf 88' lang='lat' dir='ltr'>exponentes.</span> 
     </span>
    </p>

    <p class='ocr_par' dir='ltr' id='par_1_6' title="bbox 369 601 2205 806">
     <span class='ocr_line' id='line_1_10' title="bbox 460 601 2205 644; baseline 0.003 -11"><span class='ocrx_word' id='word_1_82' title='bbox 460 601 549 639; x_wconf 82' lang='lat' dir='ltr'>Quis</span> <span class='ocrx_word' id='word_1_83' title='bbox 573 601 706 633; x_wconf 90' lang='lat' dir='ltr'>dubitet</span> <span class='ocrx_word' id='word_1_84' title='bbox 728 601 930 644; x_wconf 88' lang='lat' dir='ltr'>progeniem</span> <span class='ocrx_word' id='word_1_85' title='bbox 953 602 1044 634; x_wconf 89' lang='lat' dir='ltr'>hanc</span> <span class='ocrx_word' id='word_1_86' title='bbox 1067 601 1230 634; x_wconf 89' lang='lat' dir='ltr'>divinitus</span> <span class='ocrx_word' id='word_1_87' title='bbox 1253 603 1402 644; x_wconf 90' lang='lat' dir='ltr'>quadam</span> <span class='ocrx_word' id='word_1_88' title='bbox 1426 601 1592 635; x_wconf 74' lang='lat' dir='ltr'>felicitate</span> <span class='ocrx_word' id='word_1_89' title='bbox 1618 602 1782 641; x_wconf 85' lang='lat' dir='ltr'>dotatam,</span> <span class='ocrx_word' id='word_1_90' title='bbox 1805 614 1883 636; x_wconf 90' lang='lat' dir='ltr'>cum</span> <span class='ocrx_word' id='word_1_91' title='bbox 1911 605 1947 637; x_wconf 89' lang='lat' dir='ltr'>in</span> <span class='ocrx_word' id='word_1_92' title='bbox 1977 606 2045 638; x_wconf 89' lang='lat' dir='ltr'>suis</span> <span class='ocrx_word' id='word_1_93' title='bbox 2074 606 2205 639; x_wconf 87' lang='lat' dir='ltr'>utilita-</span> 
     </span>
     <span class='ocr_line' id='line_1_11' title="bbox 370 654 2205 698; baseline 0.003 -12"><span class='ocrx_word' id='word_1_94' title='bbox 370 655 471 694; x_wconf 83' lang='lat' dir='ltr'>tibus,</span> <span class='ocrx_word' id='word_1_95' title='bbox 494 654 553 687; x_wconf 92' lang='lat' dir='ltr'>ubi</span> <span class='ocrx_word' id='word_1_96' title='bbox 576 659 773 697; x_wconf 80' lang='lat' dir='ltr'>praesentes</span> <span class='ocrx_word' id='word_1_97' title='bbox 796 654 902 687; x_wconf 75' lang='lat' dir='ltr'>fuisse</span> <span class='ocrx_word' id='word_1_98' title='bbox 929 660 1121 692; x_wconf 86' lang='lat' dir='ltr'>narrantur,</span> <span class='ocrx_word' id='word_1_99' title='bbox 1137 660 1190 687; x_wconf 89' lang='lat' dir='ltr'>tot</span> <span class='ocrx_word' id='word_1_100' title='bbox 1204 654 1366 687; x_wconf 83' lang='lat' dir='ltr'>felicibus</span> <span class='ocrx_word' id='word_1_101' title='bbox 1382 654 1607 693; x_wconf 80' lang='lat' dir='ltr'>successibus,</span> <span class='ocrx_word' id='word_1_102' title='bbox 1624 655 1765 688; x_wconf 74' lang='lat' dir='ltr'>fortuna</span> <span class='ocrx_word' id='word_1_103' title='bbox 1780 657 1882 689; x_wconf 87' lang='lat' dir='ltr'>etiam</span> <span class='ocrx_word' id='word_1_104' title='bbox 1897 658 1935 690; x_wconf 90' lang='lat' dir='ltr'>in</span> <span class='ocrx_word' id='word_1_105' title='bbox 1949 659 2017 691; x_wconf 91' lang='lat' dir='ltr'>suis</span> <span class='ocrx_word' id='word_1_106' title='bbox 2033 658 2205 698; x_wconf 89' lang='lat' dir='ltr'>fidelibus,</span> 
     </span>
     <span class='ocr_line' id='line_1_12' title="bbox 371 707 2203 755; baseline 0.003 -15"><span class='ocrx_word' id='word_1_107' title='bbox 371 708 430 741; x_wconf 89' lang='lat' dir='ltr'>ubi</span> <span class='ocrx_word' id='word_1_108' title='bbox 452 718 513 740; x_wconf 87' lang='lat' dir='ltr'>sua</span> <span class='ocrx_word' id='word_1_109' title='bbox 536 708 675 752; x_wconf 87' lang='lat' dir='ltr'>negotia</span> <span class='ocrx_word' id='word_1_110' title='bbox 698 707 947 751; x_wconf 86' lang='lat' dir='ltr'>exequebatur,</span> <span class='ocrx_word' id='word_1_111' title='bbox 982 708 1134 740; x_wconf 75' lang='lat' dir='ltr'>defuisse</span> <span class='ocrx_word' id='word_1_112' title='bbox 1166 718 1268 750; x_wconf 89' lang='lat' dir='ltr'>passa</span> <span class='ocrx_word' id='word_1_113' title='bbox 1296 718 1367 740; x_wconf 92' lang='lat' dir='ltr'>non</span> <span class='ocrx_word' id='word_1_114' title='bbox 1397 708 1468 741; x_wconf 88' lang='lat' dir='ltr'>sit?</span> <span class='ocrx_word' id='word_1_115' title='bbox 1498 708 1557 741; x_wconf 90' lang='lat' dir='ltr'>Ad</span> <span class='ocrx_word' id='word_1_116' title='bbox 1587 709 1841 742; x_wconf 87' lang='lat' dir='ltr'>invocationem</span> <span class='ocrx_word' id='word_1_117' title='bbox 1872 711 2000 754; x_wconf 88' lang='lat' dir='ltr'>quippe</span> <span class='ocrx_word' id='word_1_118' title='bbox 2030 709 2203 755; x_wconf 83' lang='lat' dir='ltr'>gratiosae</span> 
     </span>
     <span class='ocr_line' id='line_1_13' title="bbox 369 760 1653 806; baseline 0.002 -14"><span class='ocrx_word' id='word_1_119' title='bbox 369 762 531 794; x_wconf 79' lang='lat' dir='ltr'>fortunae</span> <span class='ocrx_word' id='word_1_120' title='bbox 555 771 672 794; x_wconf 88' lang='lat' dir='ltr'>eorum</span> <span class='ocrx_word' id='word_1_121' title='bbox 697 762 792 793; x_wconf 85' lang='lat' dir='ltr'>navis</span> <span class='ocrx_word' id='word_1_122' title='bbox 816 761 903 793; x_wconf 91' lang='lat' dir='ltr'>haec</span> <span class='ocrx_word' id='word_1_123' title='bbox 926 767 1048 804; x_wconf 90' lang='lat' dir='ltr'>erepta</span> <span class='ocrx_word' id='word_1_124' title='bbox 1071 767 1123 794; x_wconf 90' lang='lat' dir='ltr'>est</span> <span class='ocrx_word' id='word_1_125' title='bbox 1145 760 1190 793; x_wconf 88' lang='lat' dir='ltr'>ab</span> <span class='ocrx_word' id='word_1_126' title='bbox 1212 761 1472 806; x_wconf 85' lang='lat' dir='ltr'>impugnatione</span> <span class='ocrx_word' id='word_1_127' title='bbox 1496 762 1653 794; x_wconf 88' lang='lat' dir='ltr'>hostium.</span> 
     </span>
    </p>
   </div>
   <div class='ocr_carea' id='block_1_6' title="bbox 369 868 2314 1659">
    <p class='ocr_par' dir='ltr' id='par_1_7' title="bbox 369 868 2208 1221">
     <span class='ocr_line' id='line_1_14' title="bbox 456 868 2206 912; baseline 0.003 -12"><span class='ocrx_word' id='word_1_128' title='bbox 456 868 588 901; x_wconf 92' lang='lat' dir='ltr'>XXVI.</span> <span class='ocrx_word' id='word_1_129' title='bbox 617 886 653 892; x_wconf 92' lang='lat'>-</span> <span class='ocrx_word' id='word_1_130' title='bbox 679 868 804 901; x_wconf 88' lang='lat' dir='ltr'>Comes</span> <span class='ocrx_word' id='word_1_131' title='bbox 828 879 923 912; x_wconf 88' lang='lat' dir='ltr'>ergo,</span> <span class='ocrx_word' id='word_1_132' title='bbox 946 868 1048 902; x_wconf 87' lang='lat' dir='ltr'>totius</span> <span class='ocrx_word' id='word_1_133' title='bbox 1072 869 1251 912; x_wconf 88' lang='lat' dir='ltr'>progeniei</span> <span class='ocrx_word' id='word_1_134' title='bbox 1274 879 1356 901; x_wconf 88' lang='lat' dir='ltr'>suae</span> <span class='ocrx_word' id='word_1_135' title='bbox 1380 875 1600 907; x_wconf 83' lang='lat' dir='ltr'>sustentator,</span> <span class='ocrx_word' id='word_1_136' title='bbox 1624 869 1708 903; x_wconf 85' lang='lat' dir='ltr'>citra</span> <span class='ocrx_word' id='word_1_137' title='bbox 1739 870 1888 903; x_wconf 89' lang='lat' dir='ltr'>Romam</span> <span class='ocrx_word' id='word_1_138' title='bbox 1910 881 2027 903; x_wconf 85' lang='lat' dir='ltr'>versus</span> <span class='ocrx_word' id='word_1_139' title='bbox 2043 871 2206 911; x_wconf 86' lang='lat' dir='ltr'>Siciliam,</span> 
     </span>
     <span class='ocr_line' id='line_1_15' title="bbox 370 921 2206 966; baseline 0.002 -13"><span class='ocrx_word' id='word_1_140' title='bbox 370 921 472 953; x_wconf 88' lang='lat' dir='ltr'>sicuti</span> <span class='ocrx_word' id='word_1_141' title='bbox 496 921 604 954; x_wconf 84' lang='lat' dir='ltr'>maria</span> <span class='ocrx_word' id='word_1_142' title='bbox 627 921 670 954; x_wconf 90' lang='lat' dir='ltr'>ab</span> <span class='ocrx_word' id='word_1_143' title='bbox 693 922 846 965; x_wconf 90' lang='lat' dir='ltr'>undique</span> <span class='ocrx_word' id='word_1_144' title='bbox 870 922 1023 965; x_wconf 89' lang='lat' dir='ltr'>cingunt,</span> <span class='ocrx_word' id='word_1_145' title='bbox 1046 921 1258 954; x_wconf 81' lang='lat' dir='ltr'>abundantia</span> <span class='ocrx_word' id='word_1_146' title='bbox 1280 933 1395 954; x_wconf 90' lang='lat' dir='ltr'>rerum</span> <span class='ocrx_word' id='word_1_147' title='bbox 1423 927 1457 954; x_wconf 89' lang='lat' dir='ltr'>et</span> <span class='ocrx_word' id='word_1_148' title='bbox 1486 921 1655 955; x_wconf 87' lang='lat' dir='ltr'>industria</span> <span class='ocrx_word' id='word_1_149' title='bbox 1687 923 1846 956; x_wconf 90' lang='lat' dir='ltr'>callentis</span> <span class='ocrx_word' id='word_1_150' title='bbox 1875 923 2040 966; x_wconf 80' lang='lat' dir='ltr'>sapientis</span> <span class='ocrx_word' id='word_1_151' title='bbox 2070 925 2206 959; x_wconf 86' lang='lat' dir='ltr'>consilii</span> 
     </span>
     <span class='ocr_line' id='line_1_16' title="bbox 369 973 2206 1019; baseline 0.003 -13"><span class='ocrx_word' id='word_1_152' title='bbox 369 973 614 1016; x_wconf 87' lang='lat' dir='ltr'>praecellebat,</span> <span class='ocrx_word' id='word_1_153' title='bbox 637 975 731 1008; x_wconf 89' lang='lat' dir='ltr'>unde</span> <span class='ocrx_word' id='word_1_154' title='bbox 755 981 789 1007; x_wconf 90' lang='lat' dir='ltr'>et</span> <span class='ocrx_word' id='word_1_155' title='bbox 812 985 930 1007; x_wconf 90' lang='lat' dir='ltr'>omnes</span> <span class='ocrx_word' id='word_1_156' title='bbox 952 985 1013 1007; x_wconf 90' lang='lat' dir='ltr'>sua</span> <span class='ocrx_word' id='word_1_157' title='bbox 1035 975 1177 1018; x_wconf 90' lang='lat' dir='ltr'>negotia</span> <span class='ocrx_word' id='word_1_158' title='bbox 1199 975 1244 1008; x_wconf 92' lang='lat' dir='ltr'>ad</span> <span class='ocrx_word' id='word_1_159' title='bbox 1266 975 1377 1018; x_wconf 89' lang='lat' dir='ltr'>ipsum</span> <span class='ocrx_word' id='word_1_160' title='bbox 1401 975 1640 1016; x_wconf 82' lang='lat' dir='ltr'>conferebant,</span> <span class='ocrx_word' id='word_1_161' title='bbox 1662 982 1701 1009; x_wconf 88' lang='lat' dir='ltr'>ut</span> <span class='ocrx_word' id='word_1_162' title='bbox 1723 987 1785 1008; x_wconf 83' lang='lat' dir='ltr'>sua</span> <span class='ocrx_word' id='word_1_163' title='bbox 1808 975 2003 1019; x_wconf 87' lang='lat' dir='ltr'>prudentia,</span> <span class='ocrx_word' id='word_1_164' title='bbox 2018 983 2055 1010; x_wconf 87' lang='lat' dir='ltr'>ut</span> <span class='ocrx_word' id='word_1_165' title='bbox 2076 978 2206 1011; x_wconf 73' lang='lat' dir='ltr'>ferrum</span> 
     </span>
     <span class='ocr_line' id='line_1_17' title="bbox 372 1027 2206 1071; baseline 0.002 -12"><span class='ocrx_word' id='word_1_166' title='bbox 372 1033 449 1060; x_wconf 93' lang='lat' dir='ltr'>cote</span> <span class='ocrx_word' id='word_1_167' title='bbox 473 1039 494 1059; x_wconf 89' lang='lat' dir='ltr'>a</span> <span class='ocrx_word' id='word_1_168' title='bbox 517 1027 641 1060; x_wconf 88' lang='lat' dir='ltr'>comite</span> <span class='ocrx_word' id='word_1_169' title='bbox 664 1034 851 1070; x_wconf 89' lang='lat' dir='ltr'>resumpto,</span> <span class='ocrx_word' id='word_1_170' title='bbox 874 1028 920 1061; x_wconf 88' lang='lat' dir='ltr'>ad</span> <span class='ocrx_word' id='word_1_171' title='bbox 943 1038 1004 1060; x_wconf 89' lang='lat' dir='ltr'>sua</span> <span class='ocrx_word' id='word_1_172' title='bbox 1027 1028 1245 1071; x_wconf 89' lang='lat' dir='ltr'>disponenda</span> <span class='ocrx_word' id='word_1_173' title='bbox 1267 1028 1469 1071; x_wconf 87' lang='lat' dir='ltr'>prudentius</span> <span class='ocrx_word' id='word_1_174' title='bbox 1492 1029 1661 1062; x_wconf 88' lang='lat' dir='ltr'>callerent</span> <span class='ocrx_word' id='word_1_175' title='bbox 1685 1034 1720 1062; x_wconf 89' lang='lat' dir='ltr'>et</span> <span class='ocrx_word' id='word_1_176' title='bbox 1751 1029 1835 1068; x_wconf 82' lang='lat' dir='ltr'>eius,</span> <span class='ocrx_word' id='word_1_177' title='bbox 1858 1029 1917 1062; x_wconf 89' lang='lat' dir='ltr'>ubi</span> <span class='ocrx_word' id='word_1_178' title='bbox 1940 1040 2081 1063; x_wconf 88' lang='lat' dir='ltr'>necesse</span> <span class='ocrx_word' id='word_1_179' title='bbox 2104 1030 2206 1069; x_wconf 79' lang='lat' dir='ltr'>foret,</span> 
     </span>
     <span class='ocr_line' id='line_1_18' title="bbox 370 1080 2206 1128; baseline 0.003 -16"><span class='ocrx_word' id='word_1_180' title='bbox 370 1080 498 1113; x_wconf 89' lang='lat' dir='ltr'>auxilio</span> <span class='ocrx_word' id='word_1_181' title='bbox 528 1081 728 1123; x_wconf 80' lang='lat' dir='ltr'>potirentur.</span> <span class='ocrx_word' id='word_1_182' title='bbox 774 1081 883 1114; x_wconf 90' lang='lat' dir='ltr'>Porro</span> <span class='ocrx_word' id='word_1_183' title='bbox 912 1081 986 1124; x_wconf 89' lang='lat' dir='ltr'>ipse</span> <span class='ocrx_word' id='word_1_184' title='bbox 1016 1091 1147 1121; x_wconf 90' lang='lat' dir='ltr'>omnes,</span> <span class='ocrx_word' id='word_1_185' title='bbox 1178 1083 1470 1125; x_wconf 89' lang='lat' dir='ltr'>quemadmodum</span> <span class='ocrx_word' id='word_1_186' title='bbox 1493 1082 1622 1126; x_wconf 88' lang='lat' dir='ltr'>gallina</span> <span class='ocrx_word' id='word_1_187' title='bbox 1644 1082 1757 1125; x_wconf 91' lang='lat' dir='ltr'>pullos</span> <span class='ocrx_word' id='word_1_188' title='bbox 1779 1093 1857 1116; x_wconf 90' lang='lat' dir='ltr'>suos</span> <span class='ocrx_word' id='word_1_189' title='bbox 1879 1083 1943 1115; x_wconf 85' lang='lat' dir='ltr'>sub</span> <span class='ocrx_word' id='word_1_190' title='bbox 1966 1083 2050 1123; x_wconf 87' lang='lat' dir='ltr'>alas,</span> <span class='ocrx_word' id='word_1_191' title='bbox 2081 1084 2206 1128; x_wconf 85' lang='lat' dir='ltr'>clypeo</span> 
     </span>
     <span class='ocr_line' id='line_1_19' title="bbox 370 1134 2208 1179; baseline 0.003 -13"><span class='ocrx_word' id='word_1_192' title='bbox 370 1145 451 1167; x_wconf 90' lang='lat' dir='ltr'>suae</span> <span class='ocrx_word' id='word_1_193' title='bbox 481 1134 709 1176; x_wconf 84' lang='lat' dir='ltr'>protectionis</span> <span class='ocrx_word' id='word_1_194' title='bbox 732 1140 766 1167; x_wconf 90' lang='lat' dir='ltr'>et</span> <span class='ocrx_word' id='word_1_195' title='bbox 788 1135 921 1167; x_wconf 85' lang='lat' dir='ltr'>consilii</span> <span class='ocrx_word' id='word_1_196' title='bbox 945 1135 1080 1173; x_wconf 72' lang='lat' dir='ltr'>fovens,</span> <span class='ocrx_word' id='word_1_197' title='bbox 1102 1141 1141 1168; x_wconf 89' lang='lat' dir='ltr'>ut</span> <span class='ocrx_word' id='word_1_198' title='bbox 1162 1135 1239 1177; x_wconf 88' lang='lat' dir='ltr'>pius</span> <span class='ocrx_word' id='word_1_199' title='bbox 1261 1141 1427 1178; x_wconf 89' lang='lat' dir='ltr'>patronus</span> <span class='ocrx_word' id='word_1_200' title='bbox 1449 1145 1488 1168; x_wconf 90' lang='lat' dir='ltr'>re</span> <span class='ocrx_word' id='word_1_201' title='bbox 1511 1141 1546 1167; x_wconf 88' lang='lat' dir='ltr'>et</span> <span class='ocrx_word' id='word_1_202' title='bbox 1569 1136 1725 1174; x_wconf 87' lang='lat' dir='ltr'>consilio,</span> <span class='ocrx_word' id='word_1_203' title='bbox 1747 1142 1850 1178; x_wconf 88' lang='lat' dir='ltr'>prout</span> <span class='ocrx_word' id='word_1_204' title='bbox 1875 1142 2020 1179; x_wconf 87' lang='lat' dir='ltr'>poterat,</span> <span class='ocrx_word' id='word_1_205' title='bbox 2051 1137 2208 1171; x_wconf 85' lang='lat' dir='ltr'>omnibus</span> 
     </span>
     <span class='ocr_line' id='line_1_20' title="bbox 371 1187 731 1221; baseline -0.003 0"><span class='ocrx_word' id='word_1_206' title='bbox 371 1189 511 1221; x_wconf 90' lang='lat' dir='ltr'>omnino</span> <span class='ocrx_word' id='word_1_207' title='bbox 534 1187 731 1221; x_wconf 77' lang='lat' dir='ltr'>defavebat.</span> 
     </span>
    </p>

    <p class='ocr_par' dir='ltr' id='par_1_8' title="bbox 369 1240 2314 1659">
     <span class='ocr_line' id='line_1_21' title="bbox 458 1240 2208 1287; baseline 0.003 -14"><span class='ocrx_word' id='word_1_208' title='bbox 458 1241 562 1274; x_wconf 92' lang='lat' dir='ltr'>Unde</span> <span class='ocrx_word' id='word_1_209' title='bbox 586 1240 715 1274; x_wconf 87' lang='lat' dir='ltr'>accidit</span> <span class='ocrx_word' id='word_1_210' title='bbox 737 1247 774 1274; x_wconf 89' lang='lat' dir='ltr'>ut</span> <span class='ocrx_word' id='word_1_211' title='bbox 796 1242 971 1275; x_wconf 88' lang='lat' dir='ltr'>Ricardus</span> <span class='ocrx_word' id='word_1_212' title='bbox 992 1243 1137 1287; x_wconf 85' lang='lat' dir='ltr'>juvenis,</span> <span class='ocrx_word' id='word_1_213' title='bbox 1159 1243 1303 1285; x_wconf 88' lang='lat' dir='ltr'>Jordani</span> <span class='ocrx_word' id='word_1_214' title='bbox 1326 1243 1493 1285; x_wconf 89' lang='lat' dir='ltr'>principis</span> <span class='ocrx_word' id='word_1_215' title='bbox 1515 1242 1615 1282; x_wconf 88' lang='lat' dir='ltr'>filius,</span> <span class='ocrx_word' id='word_1_216' title='bbox 1639 1244 1803 1286; x_wconf 85' lang='lat' dir='ltr'>princeps</span> <span class='ocrx_word' id='word_1_217' title='bbox 1825 1249 1862 1276; x_wconf 89' lang='lat' dir='ltr'>et</span> <span class='ocrx_word' id='word_1_218' title='bbox 1875 1243 1950 1286; x_wconf 89' lang='lat' dir='ltr'>ipse</span> <span class='ocrx_word' id='word_1_219' title='bbox 1965 1245 2132 1284; x_wconf 86' lang='lat' dir='ltr'>Aversae,</span> <span class='ocrx_word' id='word_1_220' title='bbox 2148 1245 2208 1277; x_wconf 88' lang='lat' dir='ltr'>de-</span> 
     </span>
     <span class='ocr_line' id='line_1_22' title="bbox 369 1294 2207 1342; baseline 0.002 -16"><span class='ocrx_word' id='word_1_221' title='bbox 369 1295 492 1327; x_wconf 80' lang='lat' dir='ltr'>functo</span> <span class='ocrx_word' id='word_1_222' title='bbox 514 1299 625 1337; x_wconf 90' lang='lat' dir='ltr'>patre,</span> <span class='ocrx_word' id='word_1_223' title='bbox 648 1294 763 1334; x_wconf 87' lang='lat' dir='ltr'>orbus,</span> <span class='ocrx_word' id='word_1_224' title='bbox 786 1295 930 1337; x_wconf 90' lang='lat' dir='ltr'>pusillus</span> <span class='ocrx_word' id='word_1_225' title='bbox 953 1301 1136 1337; x_wconf 87' lang='lat' dir='ltr'>superstes,</span> <span class='ocrx_word' id='word_1_226' title='bbox 1159 1296 1284 1328; x_wconf 80' lang='lat' dir='ltr'>fraude</span> <span class='ocrx_word' id='word_1_227' title='bbox 1306 1295 1619 1339; x_wconf 87' lang='lat' dir='ltr'>Longobardorum</span> <span class='ocrx_word' id='word_1_228' title='bbox 1642 1296 1727 1328; x_wconf 87' lang='lat' dir='ltr'>urbe</span> <span class='ocrx_word' id='word_1_229' title='bbox 1752 1295 1918 1339; x_wconf 88' lang='lat' dir='ltr'>Capuana</span> <span class='ocrx_word' id='word_1_230' title='bbox 1931 1297 2059 1340; x_wconf 83' lang='lat' dir='ltr'>injuste</span> <span class='ocrx_word' id='word_1_231' title='bbox 2073 1298 2207 1342; x_wconf 66' lang='lat' dir='ltr'>iamdu-</span> 
     </span>
     <span class='ocr_line' id='line_1_23' title="bbox 371 1347 2208 1392; baseline 0.002 -12"><span class='ocrx_word' id='word_1_232' title='bbox 371 1347 453 1380; x_wconf 91' lang='lat' dir='ltr'>dum</span> <span class='ocrx_word' id='word_1_233' title='bbox 475 1348 640 1391; x_wconf 86' lang='lat' dir='ltr'>privatus,</span> <span class='ocrx_word' id='word_1_234' title='bbox 665 1358 742 1380; x_wconf 91' lang='lat' dir='ltr'>cum</span> <span class='ocrx_word' id='word_1_235' title='bbox 764 1348 833 1392; x_wconf 82' lang='lat' dir='ltr'>jam</span> <span class='ocrx_word' id='word_1_236' title='bbox 856 1349 902 1381; x_wconf 91' lang='lat' dir='ltr'>ad</span> <span class='ocrx_word' id='word_1_237' title='bbox 925 1348 1180 1392; x_wconf 84' lang='lat' dir='ltr'>intelligibilem</span> <span class='ocrx_word' id='word_1_238' title='bbox 1204 1355 1350 1382; x_wconf 86' lang='lat' dir='ltr'>aetatem</span> <span class='ocrx_word' id='word_1_239' title='bbox 1372 1350 1596 1391; x_wconf 89' lang='lat' dir='ltr'>pervenisset,</span> <span class='ocrx_word' id='word_1_240' title='bbox 1620 1350 1781 1382; x_wconf 90' lang='lat' dir='ltr'>damnum</span> <span class='ocrx_word' id='word_1_241' title='bbox 1804 1349 1870 1382; x_wconf 83' lang='lat' dir='ltr'>sibi</span> <span class='ocrx_word' id='word_1_242' title='bbox 1886 1350 2017 1382; x_wconf 90' lang='lat' dir='ltr'>illatum</span> <span class='ocrx_word' id='word_1_243' title='bbox 2033 1349 2159 1383; x_wconf 83' lang='lat' dir='ltr'>videns</span> <span class='ocrx_word' id='word_1_244' title='bbox 2173 1356 2208 1383; x_wconf 88' lang='lat' dir='ltr'>et</span> 
     </span>
     <span class='ocr_line' id='line_1_24' title="bbox 371 1400 2314 1448; baseline 0.002 -14"><span class='ocrx_word' id='word_1_245' title='bbox 371 1401 502 1440; x_wconf 89' lang='lat' dir='ltr'>dolens,</span> <span class='ocrx_word' id='word_1_246' title='bbox 527 1412 568 1434; x_wconf 91' lang='lat' dir='ltr'>ac</span> <span class='ocrx_word' id='word_1_247' title='bbox 591 1401 635 1433; x_wconf 92' lang='lat' dir='ltr'>de</span> <span class='ocrx_word' id='word_1_248' title='bbox 657 1400 854 1434; x_wconf 88' lang='lat' dir='ltr'>auctoribus</span> <span class='ocrx_word' id='word_1_249' title='bbox 876 1401 1042 1434; x_wconf 89' lang='lat' dir='ltr'>ultionem</span> <span class='ocrx_word' id='word_1_250' title='bbox 1065 1407 1186 1445; x_wconf 88' lang='lat' dir='ltr'>petere</span> <span class='ocrx_word' id='word_1_251' title='bbox 1210 1403 1408 1445; x_wconf 88' lang='lat' dir='ltr'>disponens,</span> <span class='ocrx_word' id='word_1_252' title='bbox 1440 1403 1485 1435; x_wconf 87' lang='lat' dir='ltr'>ad</span> <span class='ocrx_word' id='word_1_253' title='bbox 1515 1402 1581 1435; x_wconf 85' lang='lat' dir='ltr'>sibi</span> <span class='ocrx_word' id='word_1_254' title='bbox 1615 1404 1909 1446; x_wconf 87' lang='lat' dir='ltr'>consanguineum</span> <span class='ocrx_word' id='word_1_255' title='bbox 1936 1403 2096 1436; x_wconf 89' lang='lat' dir='ltr'>comitem</span> <span class='ocrx_word' id='word_1_256' title='bbox 2125 1415 2208 1448; x_wconf 89' lang='lat' dir='ltr'>pru-</span> <span class='ocrx_word' id='word_1_257' title='bbox 2230 1405 2272 1437; x_wconf 91' lang='lat'>20</span> <span class='ocrx_word' id='word_1_258' title='bbox 2302 1427 2314 1446; x_wconf 50' lang='lat'>2,</span> 
     </span>
     <span class='ocr_line' id='line_1_25' title="bbox 372 1454 2206 1498; baseline 0.001 -10"><span class='ocrx_word' id='word_1_259' title='bbox 372 1455 493 1488; x_wconf 89' lang='lat' dir='ltr'>dentes</span> <span class='ocrx_word' id='word_1_260' title='bbox 515 1455 610 1487; x_wconf 90' lang='lat' dir='ltr'>viros</span> <span class='ocrx_word' id='word_1_261' title='bbox 633 1454 780 1498; x_wconf 85' lang='lat' dir='ltr'>supplex</span> <span class='ocrx_word' id='word_1_262' title='bbox 801 1455 953 1488; x_wconf 86' lang='lat' dir='ltr'>illorsum</span> <span class='ocrx_word' id='word_1_263' title='bbox 978 1456 1195 1489; x_wconf 84' lang='lat' dir='ltr'>exhortatum</span> <span class='ocrx_word' id='word_1_264' title='bbox 1219 1456 1333 1494; x_wconf 85' lang='lat' dir='ltr'>mittit,</span> <span class='ocrx_word' id='word_1_265' title='bbox 1356 1461 1394 1488; x_wconf 90' lang='lat' dir='ltr'>ut</span> <span class='ocrx_word' id='word_1_266' title='bbox 1416 1455 1481 1488; x_wconf 91' lang='lat' dir='ltr'>sibi</span> <span class='ocrx_word' id='word_1_267' title='bbox 1504 1456 1667 1488; x_wconf 81' lang='lat' dir='ltr'>auxilium</span> <span class='ocrx_word' id='word_1_268' title='bbox 1690 1456 1821 1489; x_wconf 86' lang='lat' dir='ltr'>laturus</span> <span class='ocrx_word' id='word_1_269' title='bbox 1836 1457 2034 1490; x_wconf 88' lang='lat' dir='ltr'>accelerare</span> <span class='ocrx_word' id='word_1_270' title='bbox 2050 1467 2122 1490; x_wconf 91' lang='lat' dir='ltr'>non</span> <span class='ocrx_word' id='word_1_271' title='bbox 2136 1458 2206 1490; x_wconf 69' lang='lat' dir='ltr'>dii·</span> 
     </span>
     <span class='ocr_line' id='line_1_26' title="bbox 371 1472 2314 1552; baseline 0.002 -12"><span class='ocrx_word' id='word_1_272' title='bbox 371 1509 461 1541; x_wconf 74' lang='lat' dir='ltr'>ferat</span> <span class='ocrx_word' id='word_1_273' title='bbox 483 1518 561 1540; x_wconf 89' lang='lat' dir='ltr'>cum</span> <span class='ocrx_word' id='word_1_274' title='bbox 585 1507 723 1542; x_wconf 86' lang='lat' dir='ltr'>servitio</span> <span class='ocrx_word' id='word_1_275' title='bbox 745 1518 819 1547; x_wconf 90' lang='lat' dir='ltr'>suo,</span> <span class='ocrx_word' id='word_1_276' title='bbox 842 1508 919 1541; x_wconf 90' lang='lat' dir='ltr'>vice</span> <span class='ocrx_word' id='word_1_277' title='bbox 941 1508 1273 1552; x_wconf 87' lang='lat' dir='ltr'>recompensationis</span> <span class='ocrx_word' id='word_1_278' title='bbox 1295 1508 1492 1551; x_wconf 87' lang='lat' dir='ltr'>Neapolim,</span> <span class='ocrx_word' id='word_1_279' title='bbox 1516 1519 1605 1552; x_wconf 89' lang='lat' dir='ltr'>quae</span> <span class='ocrx_word' id='word_1_280' title='bbox 1628 1509 1695 1542; x_wconf 88' lang='lat' dir='ltr'>sibi</span> <span class='ocrx_word' id='word_1_281' title='bbox 1718 1509 1872 1542; x_wconf 90' lang='lat' dir='ltr'>similiter</span> <span class='ocrx_word' id='word_1_282' title='bbox 1895 1509 2147 1548; x_wconf 82' lang='lat' dir='ltr'>recalcitrabat,</span> <span class='ocrx_word' id='word_1_283' title='bbox 2178 1511 2207 1543; x_wconf 88' lang='lat' dir='ltr'>si</span> <span class='ocrx_word' id='word_1_284' title='bbox 2298 1472 2314 1536; x_wconf 50' lang='grc' dir='ltr'>’ξ</span> 
     </span>
     <span class='ocr_line' id='line_1_27' title="bbox 371 1537 2314 1606; baseline 0.001 -12"><span class='ocrx_word' id='word_1_285' title='bbox 371 1562 573 1605; x_wconf 88' lang='lat' dir='ltr'>praevalere</span> <span class='ocrx_word' id='word_1_286' title='bbox 595 1568 723 1604; x_wconf 87' lang='lat' dir='ltr'>posset,</span> <span class='ocrx_word' id='word_1_287' title='bbox 746 1561 953 1594; x_wconf 86' lang='lat' dir='ltr'>fiducialiter</span> <span class='ocrx_word' id='word_1_288' title='bbox 976 1563 1172 1595; x_wconf 88' lang='lat' dir='ltr'>concedens</span> <span class='ocrx_word' id='word_1_289' title='bbox 1185 1561 1205 1594; x_wconf 90' lang='lat'>¹.</span> <span class='ocrx_word' id='word_1_290' title='bbox 1250 1562 1330 1594; x_wconf 91' lang='lat' dir='ltr'>Dux</span> <span class='ocrx_word' id='word_1_291' title='bbox 1352 1562 1467 1605; x_wconf 88' lang='lat' dir='ltr'>igitur,</span> <span class='ocrx_word' id='word_1_292' title='bbox 1490 1568 1529 1595; x_wconf 90' lang='lat' dir='ltr'>ut</span> <span class='ocrx_word' id='word_1_293' title='bbox 1555 1562 1614 1604; x_wconf 89' lang='lat' dir='ltr'>qui</span> <span class='ocrx_word' id='word_1_294' title='bbox 1643 1563 1735 1605; x_wconf 90' lang='lat' dir='ltr'>parti</span> <span class='ocrx_word' id='word_1_295' title='bbox 1767 1563 2014 1606; x_wconf 86' lang='lat' dir='ltr'>consanguinei</span> <span class='ocrx_word' id='word_1_296' title='bbox 2042 1563 2208 1606; x_wconf 88' lang='lat' dir='ltr'>principis</span> <span class='ocrx_word' id='word_1_297' title='bbox 2300 1537 2314 1604; x_wconf 55' lang='grc' dir='ltr'>ξ</span> 
     </span>
     <span class='ocr_line' id='line_1_28' title="bbox 371 1606 2314 1659; baseline 0.001 -11"><span class='ocrx_word' id='word_1_298' title='bbox 371 1615 524 1653; x_wconf 73' lang='lat' dir='ltr'>favebat,</span> <span class='ocrx_word' id='word_1_299' title='bbox 547 1625 616 1647; x_wconf 91' lang='lat' dir='ltr'>non</span> <span class='ocrx_word' id='word_1_300' title='bbox 637 1615 751 1647; x_wconf 89' lang='lat' dir='ltr'>viliori</span> <span class='ocrx_word' id='word_1_301' title='bbox 775 1614 901 1658; x_wconf 87' lang='lat' dir='ltr'>legato,</span> <span class='ocrx_word' id='word_1_302' title='bbox 932 1625 1034 1658; x_wconf 89' lang='lat' dir='ltr'>quam</span> <span class='ocrx_word' id='word_1_303' title='bbox 1065 1614 1199 1648; x_wconf 88' lang='lat' dir='ltr'>laterali</span> <span class='ocrx_word' id='word_1_304' title='bbox 1230 1614 1374 1659; x_wconf 75' lang='lat' dir='ltr'>conjuge</span> <span class='ocrx_word' id='word_1_305' title='bbox 1403 1613 1528 1655; x_wconf 88' lang='lat' dir='ltr'>Adala,</span> <span class='ocrx_word' id='word_1_306' title='bbox 1551 1615 1719 1648; x_wconf 83' lang='lat' dir='ltr'>videlicet</span> <span class='ocrx_word' id='word_1_307' title='bbox 1747 1616 1958 1649; x_wconf 89' lang='lat' dir='ltr'>marchionis</span> <span class='ocrx_word' id='word_1_308' title='bbox 1986 1616 2208 1650; x_wconf 83' lang='lat' dir='ltr'>Flandrensis</span> <span class='ocrx_word' id='word_1_309' title='bbox 2299 1606 2314 1659; x_wconf 47' lang='grc' dir='ltr'>’ᾗ</span> 
     </span>
    </p>
   </div>
   <div class='ocr_carea' id='block_1_7' title="bbox 2226 0 2314 1175">
    <p class='ocr_par' dir='ltr' id='par_1_9' title="bbox 2226 0 2314 1175">
     <span class='ocr_line' id='line_1_29' title="bbox 2226 0 2314 1175; baseline 0 0"><span class='ocrx_word' id='word_1_310' title='bbox 2226 0 2314 1175; x_wconf 95' lang='lat' dir='ltr'> </span> 
     </span>
    </p>
   </div>
   <div class='ocr_carea' id='block_1_8' title="bbox 370 1667 2313 2406">
    <p class='ocr_par' dir='ltr' id='par_1_10' title="bbox 370 1667 2314 1924">
     <span class='ocr_line' id='line_1_30' title="bbox 371 1667 2270 1712; baseline 0.002 -12"><span class='ocrx_word' id='word_1_311' title='bbox 371 1668 451 1708; x_wconf 89' lang='lat' dir='ltr'>filia,</span> <span class='ocrx_word' id='word_1_312' title='bbox 474 1675 512 1701; x_wconf 88' lang='lat' dir='ltr'>ut</span> <span class='ocrx_word' id='word_1_313' title='bbox 536 1679 616 1701; x_wconf 88' lang='lat' dir='ltr'>cum</span> <span class='ocrx_word' id='word_1_314' title='bbox 638 1667 794 1701; x_wconf 89' lang='lat' dir='ltr'>exercitu</span> <span class='ocrx_word' id='word_1_315' title='bbox 819 1667 938 1700; x_wconf 85' lang='lat' dir='ltr'>venire</span> <span class='ocrx_word' id='word_1_316' title='bbox 969 1677 1038 1700; x_wconf 91' lang='lat' dir='ltr'>non</span> <span class='ocrx_word' id='word_1_317' title='bbox 1069 1668 1209 1700; x_wconf 78' lang='lat' dir='ltr'>differat</span> <span class='ocrx_word' id='word_1_318' title='bbox 1241 1678 1281 1700; x_wconf 89' lang='lat' dir='ltr'>ac</span> <span class='ocrx_word' id='word_1_319' title='bbox 1312 1667 1448 1700; x_wconf 87' lang='lat' dir='ltr'>sibimet</span> <span class='ocrx_word' id='word_1_320' title='bbox 1477 1667 1639 1700; x_wconf 86' lang='lat' dir='ltr'>auxilium</span> <span class='ocrx_word' id='word_1_321' title='bbox 1670 1668 1797 1700; x_wconf 87' lang='lat' dir='ltr'>laturus</span> <span class='ocrx_word' id='word_1_322' title='bbox 1826 1678 2043 1712; x_wconf 87' lang='lat' dir='ltr'>summopere</span> <span class='ocrx_word' id='word_1_323' title='bbox 2073 1669 2205 1703; x_wconf 85' lang='lat' dir='ltr'>invitat.</span> <span class='ocrx_word' id='word_1_324' title='bbox 2230 1669 2270 1702; x_wconf 89' lang='lat'>25</span> 
     </span>
     <span class='ocr_line' id='line_1_31' title="bbox 371 1720 2301 1765; baseline 0.001 -11"><span class='ocrx_word' id='word_1_325' title='bbox 371 1721 541 1764; x_wconf 90' lang='lat' dir='ltr'>Princeps</span> <span class='ocrx_word' id='word_1_326' title='bbox 563 1721 666 1760; x_wconf 88' lang='lat' dir='ltr'>enim,</span> <span class='ocrx_word' id='word_1_327' title='bbox 690 1731 794 1754; x_wconf 86' lang='lat' dir='ltr'>causa</span> <span class='ocrx_word' id='word_1_328' title='bbox 817 1721 946 1760; x_wconf 86' lang='lat' dir='ltr'>auxilii,</span> <span class='ocrx_word' id='word_1_329' title='bbox 969 1722 1063 1764; x_wconf 91' lang='lat' dir='ltr'>quod</span> <span class='ocrx_word' id='word_1_330' title='bbox 1086 1721 1129 1754; x_wconf 90' lang='lat' dir='ltr'>ab</span> <span class='ocrx_word' id='word_1_331' title='bbox 1153 1721 1228 1764; x_wconf 91' lang='lat' dir='ltr'>ipso</span> <span class='ocrx_word' id='word_1_332' title='bbox 1251 1721 1423 1764; x_wconf 87' lang='lat' dir='ltr'>sperabat,</span> <span class='ocrx_word' id='word_1_333' title='bbox 1445 1721 1550 1754; x_wconf 91' lang='lat' dir='ltr'>homo</span> <span class='ocrx_word' id='word_1_334' title='bbox 1574 1722 1674 1754; x_wconf 87' lang='lat' dir='ltr'>ducis</span> <span class='ocrx_word' id='word_1_335' title='bbox 1695 1722 1809 1755; x_wconf 77' lang='lat' dir='ltr'>factus</span> <span class='ocrx_word' id='word_1_336' title='bbox 1832 1722 1963 1755; x_wconf 77' lang='lat' dir='ltr'>fuerat:</span> <span class='ocrx_word' id='word_1_337' title='bbox 1993 1723 2088 1765; x_wconf 89' lang='lat' dir='ltr'>quod</span> <span class='ocrx_word' id='word_1_338' title='bbox 2117 1734 2206 1755; x_wconf 88' lang='lat' dir='ltr'>nun·</span> <span class='ocrx_word' id='word_1_339' title='bbox 2299 1720 2301 1722; x_wconf 66' lang='grc'><strong>’</strong></span> 
     </span>
     <span class='ocr_line' id='line_1_32' title="bbox 370 1773 2207 1819; baseline 0.001 -13"><span class='ocrx_word' id='word_1_340' title='bbox 370 1783 472 1816; x_wconf 89' lang='lat' dir='ltr'>quam</span> <span class='ocrx_word' id='word_1_341' title='bbox 496 1774 717 1813; x_wconf 88' lang='lat' dir='ltr'>Guiscardus,</span> <span class='ocrx_word' id='word_1_342' title='bbox 739 1785 817 1807; x_wconf 90' lang='lat' dir='ltr'>cum</span> <span class='ocrx_word' id='word_1_343' title='bbox 839 1774 1021 1807; x_wconf 87' lang='lat' dir='ltr'>multarum</span> <span class='ocrx_word' id='word_1_344' title='bbox 1043 1773 1171 1806; x_wconf 86' lang='lat' dir='ltr'>artium</span> <span class='ocrx_word' id='word_1_345' title='bbox 1194 1779 1228 1806; x_wconf 91' lang='lat' dir='ltr'>et</span> <span class='ocrx_word' id='word_1_346' title='bbox 1251 1773 1374 1806; x_wconf 84' lang='lat' dir='ltr'>virium</span> <span class='ocrx_word' id='word_1_347' title='bbox 1399 1779 1497 1811; x_wconf 86' lang='lat' dir='ltr'>esset,</span> <span class='ocrx_word' id='word_1_348' title='bbox 1521 1785 1542 1806; x_wconf 91' lang='lat' dir='ltr'>a</span> <span class='ocrx_word' id='word_1_349' title='bbox 1555 1774 1712 1817; x_wconf 85' lang='lat' dir='ltr'>Jordano</span> <span class='ocrx_word' id='word_1_350' title='bbox 1726 1774 1885 1817; x_wconf 89' lang='lat' dir='ltr'>principe</span> <span class='ocrx_word' id='word_1_351' title='bbox 1910 1793 1949 1798; x_wconf 82' lang='lat'><em>-</em></span> <span class='ocrx_word' id='word_1_352' title='bbox 1973 1775 2127 1819; x_wconf 83' lang='lat' dir='ltr'>quamvis</span> <span class='ocrx_word' id='word_1_353' title='bbox 2149 1776 2207 1808; x_wconf 91' lang='lat' dir='ltr'>hic</span> 
     </span>
     <span class='ocr_line' id='line_1_33' title="bbox 372 1827 2205 1872; baseline 0.001 -12"><span class='ocrx_word' id='word_1_354' title='bbox 372 1828 574 1866; x_wconf 84' lang='lat' dir='ltr'>avunculus,</span> <span class='ocrx_word' id='word_1_355' title='bbox 597 1828 656 1861; x_wconf 89' lang='lat' dir='ltr'>ille</span> <span class='ocrx_word' id='word_1_356' title='bbox 672 1834 786 1860; x_wconf 91' lang='lat' dir='ltr'>autem</span> <span class='ocrx_word' id='word_1_357' title='bbox 802 1838 926 1870; x_wconf 84' lang='lat' dir='ltr'>nepos:</span> <span class='ocrx_word' id='word_1_358' title='bbox 944 1828 1070 1861; x_wconf 88' lang='lat' dir='ltr'>sororis</span> <span class='ocrx_word' id='word_1_359' title='bbox 1085 1827 1251 1860; x_wconf 89' lang='lat' dir='ltr'>videlicet</span> <span class='ocrx_word' id='word_1_360' title='bbox 1267 1827 1356 1860; x_wconf 88' lang='lat' dir='ltr'>filius</span> <span class='ocrx_word' id='word_1_361' title='bbox 1371 1833 1460 1860; x_wconf 87' lang='lat' dir='ltr'>esset</span> <span class='ocrx_word' id='word_1_362' title='bbox 1475 1846 1517 1850; x_wconf 94' lang='grc'>-</span> <span class='ocrx_word' id='word_1_363' title='bbox 1533 1827 1589 1859; x_wconf 91' lang='lat' dir='ltr'>vel</span> <span class='ocrx_word' id='word_1_364' title='bbox 1604 1827 1652 1867; x_wconf 85' lang='lat' dir='ltr'>vi,</span> <span class='ocrx_word' id='word_1_365' title='bbox 1669 1828 1724 1860; x_wconf 89' lang='lat' dir='ltr'>vel</span> <span class='ocrx_word' id='word_1_366' title='bbox 1740 1827 1984 1861; x_wconf 86' lang='lat' dir='ltr'>blandimentis</span> <span class='ocrx_word' id='word_1_367' title='bbox 2000 1834 2205 1872; x_wconf 87' lang='lat' dir='ltr'>extorquere</span> 
     </span>
     <span class='ocr_line' id='line_1_34' title="bbox 372 1880 1189 1924; baseline -0.001 -10"><span class='ocrx_word' id='word_1_368' title='bbox 372 1882 494 1924; x_wconf 89' lang='lat' dir='ltr'>potuit,</span> <span class='ocrx_word' id='word_1_369' title='bbox 518 1891 596 1914; x_wconf 91' lang='lat' dir='ltr'>cum</span> <span class='ocrx_word' id='word_1_370' title='bbox 619 1881 818 1924; x_wconf 88' lang='lat' dir='ltr'>saepissime</span> <span class='ocrx_word' id='word_1_371' title='bbox 843 1886 1027 1913; x_wconf 87' lang='lat' dir='ltr'>attentatus</span> <span class='ocrx_word' id='word_1_372' title='bbox 1049 1881 1155 1913; x_wconf 85' lang='lat' dir='ltr'>fuerit</span> <span class='ocrx_word' id='word_1_373' title='bbox 1167 1880 1189 1913; x_wconf 77' lang='lat'>².</span> 
     </span>
    </p>

    <p class='ocr_par' dir='ltr' id='par_1_11' title="bbox 371 1933 2313 2406">
     <span class='ocr_line' id='line_1_35' title="bbox 457 1933 2294 1979; baseline 0.001 -12"><span class='ocrx_word' id='word_1_374' title='bbox 457 1934 583 1967; x_wconf 91' lang='lat' dir='ltr'>Comes</span> <span class='ocrx_word' id='word_1_375' title='bbox 605 1939 731 1973; x_wconf 89' lang='lat' dir='ltr'>autem,</span> <span class='ocrx_word' id='word_1_376' title='bbox 754 1934 881 1977; x_wconf 88' lang='lat' dir='ltr'>pietate</span> <span class='ocrx_word' id='word_1_377' title='bbox 905 1933 1153 1977; x_wconf 84' lang='lat' dir='ltr'>consanguinei</span> <span class='ocrx_word' id='word_1_378' title='bbox 1167 1933 1334 1976; x_wconf 88' lang='lat' dir='ltr'>principis</span> <span class='ocrx_word' id='word_1_379' title='bbox 1350 1940 1384 1966; x_wconf 90' lang='lat' dir='ltr'>et</span> <span class='ocrx_word' id='word_1_380' title='bbox 1400 1934 1514 1966; x_wconf 90' lang='lat' dir='ltr'>multis</span> <span class='ocrx_word' id='word_1_381' title='bbox 1529 1933 1644 1967; x_wconf 86' lang='lat' dir='ltr'>verbis</span> <span class='ocrx_word' id='word_1_382' title='bbox 1659 1934 1828 1972; x_wconf 88' lang='lat' dir='ltr'>ducissae,</span> <span class='ocrx_word' id='word_1_383' title='bbox 1844 1934 1909 1967; x_wconf 89' lang='lat' dir='ltr'>sibi</span> <span class='ocrx_word' id='word_1_384' title='bbox 1926 1945 1945 1967; x_wconf 90' lang='lat' dir='ltr'>a</span> <span class='ocrx_word' id='word_1_385' title='bbox 1961 1935 2051 1968; x_wconf 91' lang='lat' dir='ltr'>duce</span> <span class='ocrx_word' id='word_1_386' title='bbox 2066 1935 2207 1979; x_wconf 84' lang='lat' dir='ltr'>delega-</span> <span class='ocrx_word' id='word_1_387' title='bbox 2229 1936 2273 1968; x_wconf 91' lang='grc'>30</span> <span class='ocrx_word' id='word_1_388' title='bbox 2291 1941 2294 1952; x_wconf 70' lang='lat'>⁵</span> 
     </span>
     <span class='ocr_line' id='line_1_36' title="bbox 372 1987 2208 2034; baseline 0.001 -13"><span class='ocrx_word' id='word_1_389' title='bbox 372 1994 439 2028; x_wconf 87' lang='lat' dir='ltr'>tae,</span> <span class='ocrx_word' id='word_1_390' title='bbox 462 1988 638 2032; x_wconf 85' lang='lat' dir='ltr'>legatione</span> <span class='ocrx_word' id='word_1_391' title='bbox 661 1993 696 2021; x_wconf 93' lang='lat' dir='ltr'>et</span> <span class='ocrx_word' id='word_1_392' title='bbox 719 1987 964 2030; x_wconf 90' lang='lat' dir='ltr'>deprecatione</span> <span class='ocrx_word' id='word_1_393' title='bbox 987 1987 1161 2020; x_wconf 86' lang='lat' dir='ltr'>humiliter</span> <span class='ocrx_word' id='word_1_394' title='bbox 1183 1987 1388 2030; x_wconf 87' lang='lat' dir='ltr'>exponentis</span> <span class='ocrx_word' id='word_1_395' title='bbox 1410 1987 1546 2020; x_wconf 89' lang='lat' dir='ltr'>illectus</span> <span class='ocrx_word' id='word_1_396' title='bbox 1570 1994 1604 2020; x_wconf 92' lang='lat' dir='ltr'>et</span> <span class='ocrx_word' id='word_1_397' title='bbox 1626 1998 1819 2030; x_wconf 86' lang='lat' dir='ltr'>persuasus,</span> <span class='ocrx_word' id='word_1_398' title='bbox 1843 1988 1998 2021; x_wconf 86' lang='lat' dir='ltr'>exercitu</span> <span class='ocrx_word' id='word_1_399' title='bbox 2018 2006 2056 2013; x_wconf 88' lang='lat'><em>-</em></span> <span class='ocrx_word' id='word_1_400' title='bbox 2072 1989 2208 2034; x_wconf 84' lang='lat' dir='ltr'>qualem</span> 
     </span>
     <span class='ocr_line' id='line_1_37' title="bbox 373 2039 2209 2086; baseline 0.001 -12"><span class='ocrx_word' id='word_1_401' title='bbox 373 2052 559 2086; x_wconf 86' lang='lat' dir='ltr'>numquam</span> <span class='ocrx_word' id='word_1_402' title='bbox 577 2047 655 2074; x_wconf 90' lang='lat' dir='ltr'>ante</span> <span class='ocrx_word' id='word_1_403' title='bbox 671 2042 763 2074; x_wconf 91' lang='lat' dir='ltr'>hunc</span> <span class='ocrx_word' id='word_1_404' title='bbox 779 2040 937 2073; x_wconf 88' lang='lat' dir='ltr'>habuisse</span> <span class='ocrx_word' id='word_1_405' title='bbox 953 2041 1167 2084; x_wconf 87' lang='lat' dir='ltr'>dignoscitur</span> <span class='ocrx_word' id='word_1_406' title='bbox 1182 2057 1222 2065; x_wconf 88' lang='lat'><strong>—</strong></span> <span class='ocrx_word' id='word_1_407' title='bbox 1240 2041 1283 2073; x_wconf 90' lang='lat' dir='ltr'>ab</span> <span class='ocrx_word' id='word_1_408' title='bbox 1300 2041 1391 2074; x_wconf 91' lang='lat' dir='ltr'>omni</span> <span class='ocrx_word' id='word_1_409' title='bbox 1407 2039 1543 2074; x_wconf 86' lang='lat' dir='ltr'>Sicilia&#39;</span> <span class='ocrx_word' id='word_1_410' title='bbox 1561 2047 1595 2074; x_wconf 89' lang='lat' dir='ltr'>et</span> <span class='ocrx_word' id='word_1_411' title='bbox 1610 2041 1772 2075; x_wconf 78' lang='lat' dir='ltr'>Calabria</span> <span class='ocrx_word' id='word_1_412' title='bbox 1787 2042 1870 2074; x_wconf 80' lang='lat' dir='ltr'>forti</span> <span class='ocrx_word' id='word_1_413' title='bbox 1886 2042 2032 2084; x_wconf 89' lang='lat' dir='ltr'>imperio</span> <span class='ocrx_word' id='word_1_414' title='bbox 2049 2042 2209 2083; x_wconf 87' lang='lat' dir='ltr'>conflato,</span> 
     </span>
     <span class='ocr_line' id='line_1_38' title="bbox 373 2093 2210 2138; baseline 0.001 -11"><span class='ocrx_word' id='word_1_415' title='bbox 373 2096 484 2138; x_wconf 86' lang='lat' dir='ltr'>prima</span> <span class='ocrx_word' id='word_1_416' title='bbox 506 2094 726 2128; x_wconf 88' lang='lat' dir='ltr'>hebdomada</span> <span class='ocrx_word' id='word_1_417' title='bbox 751 2093 880 2137; x_wconf 89' lang='lat' dir='ltr'>aprilis,</span> <span class='ocrx_word' id='word_1_418' title='bbox 902 2093 1055 2126; x_wconf 87' lang='lat' dir='ltr'>secunda</span> <span class='ocrx_word' id='word_1_419' title='bbox 1077 2094 1232 2126; x_wconf 86' lang='lat' dir='ltr'>Paschae</span> <span class='ocrx_word' id='word_1_420' title='bbox 1244 2093 1266 2132; x_wconf 81' lang='lat'>⁸,</span> <span class='ocrx_word' id='word_1_421' title='bbox 1290 2093 1441 2127; x_wconf 89' lang='lat' dir='ltr'>Pharum</span> <span class='ocrx_word' id='word_1_422' title='bbox 1464 2095 1641 2132; x_wconf 88' lang='lat' dir='ltr'>transiens,</span> <span class='ocrx_word' id='word_1_423' title='bbox 1671 2095 1823 2128; x_wconf 89' lang='lat' dir='ltr'>illorsum</span> <span class='ocrx_word' id='word_1_424' title='bbox 1853 2095 2034 2129; x_wconf 85' lang='lat' dir='ltr'>accelerat.</span> <span class='ocrx_word' id='word_1_425' title='bbox 2079 2095 2151 2129; x_wconf 91' lang='lat' dir='ltr'>Sed</span> <span class='ocrx_word' id='word_1_426' title='bbox 2172 2096 2210 2128; x_wconf 90' lang='lat' dir='ltr'>in</span> 
     </span>
     <span class='ocr_line' id='line_1_39' title="bbox 374 2147 2310 2192; baseline 0 -10"><span class='ocrx_word' id='word_1_427' title='bbox 374 2155 473 2192; x_wconf 89' lang='lat' dir='ltr'>prato</span> <span class='ocrx_word' id='word_1_428' title='bbox 495 2149 618 2181; x_wconf 83' lang='lat' dir='ltr'>Marco</span> <span class='ocrx_word' id='word_1_429' title='bbox 641 2147 891 2191; x_wconf 86' lang='lat' dir='ltr'>aliquantisper</span> <span class='ocrx_word' id='word_1_430' title='bbox 913 2153 1153 2187; x_wconf 83' lang='lat' dir='ltr'>commoratus,</span> <span class='ocrx_word' id='word_1_431' title='bbox 1177 2147 1378 2186; x_wconf 90' lang='lat' dir='ltr'>exercitum,</span> <span class='ocrx_word' id='word_1_432' title='bbox 1401 2148 1503 2180; x_wconf 89' lang='lat' dir='ltr'>maris</span> <span class='ocrx_word' id='word_1_433' title='bbox 1525 2147 1798 2181; x_wconf 88' lang='lat' dir='ltr'>trans&#39;meatione</span> <span class='ocrx_word' id='word_1_434' title='bbox 1814 2154 1849 2181; x_wconf 91' lang='lat' dir='ltr'>et</span> <span class='ocrx_word' id='word_1_435' title='bbox 1863 2154 1938 2181; x_wconf 89' lang='lat' dir='ltr'>arto</span> <span class='ocrx_word' id='word_1_436' title='bbox 1953 2149 2209 2192; x_wconf 87' lang='lat' dir='ltr'>scopulosorum</span> <span class='ocrx_word' id='word_1_437' title='bbox 2306 2181 2310 2186; x_wconf 78' lang='grc'>,</span> 
     </span>
     <span class='ocr_line' id='line_1_40' title="bbox 372 2200 2313 2247; baseline 0 -11"><span class='ocrx_word' id='word_1_438' title='bbox 372 2201 538 2236; x_wconf 87' lang='lat' dir='ltr'>montium</span> <span class='ocrx_word' id='word_1_439' title='bbox 560 2201 704 2234; x_wconf 87' lang='lat' dir='ltr'>transitu</span> <span class='ocrx_word' id='word_1_440' title='bbox 726 2201 932 2239; x_wconf 86' lang='lat' dir='ltr'>tardantem,</span> <span class='ocrx_word' id='word_1_441' title='bbox 947 2200 1029 2234; x_wconf 92' lang='lat' dir='ltr'>dum</span> <span class='ocrx_word' id='word_1_442' title='bbox 1045 2201 1171 2240; x_wconf 89' lang='lat' dir='ltr'>veniat,</span> <span class='ocrx_word' id='word_1_443' title='bbox 1187 2202 1339 2240; x_wconf 87' lang='lat' dir='ltr'>sustinet,</span> <span class='ocrx_word' id='word_1_444' title='bbox 1355 2201 1479 2234; x_wconf 87' lang='lat' dir='ltr'>videns</span> <span class='ocrx_word' id='word_1_445' title='bbox 1494 2211 1598 2244; x_wconf 90' lang='lat' dir='ltr'>super</span> <span class='ocrx_word' id='word_1_446' title='bbox 1610 2201 1692 2246; x_wconf 89' lang='lat' dir='ltr'>juga</span> <span class='ocrx_word' id='word_1_447' title='bbox 1706 2202 1872 2235; x_wconf 90' lang='lat' dir='ltr'>montium</span> <span class='ocrx_word' id='word_1_448' title='bbox 1889 2201 2070 2235; x_wconf 86' lang='lat' dir='ltr'>Calabriae</span> <span class='ocrx_word' id='word_1_449' title='bbox 2085 2211 2210 2247; x_wconf 88' lang='lat' dir='ltr'>greges</span> <span class='ocrx_word' id='word_1_450' title='bbox 2231 2202 2272 2236; x_wconf 88' lang='grc'>35</span> <span class='ocrx_word' id='word_1_451' title='bbox 2294 2200 2313 2246; x_wconf 59' lang='lat' dir='ltr'>,ff</span> 
     </span>
     <span class='ocr_line' id='line_1_41' title="bbox 371 2252 2308 2299; baseline 0 -10"><span class='ocrx_word' id='word_1_452' title='bbox 371 2261 602 2289; x_wconf 86' lang='lat' dir='ltr'>armentorum</span> <span class='ocrx_word' id='word_1_453' title='bbox 626 2259 661 2287; x_wconf 89' lang='lat' dir='ltr'>et</span> <span class='ocrx_word' id='word_1_454' title='bbox 683 2263 859 2297; x_wconf 90' lang='lat' dir='ltr'>pecorum,</span> <span class='ocrx_word' id='word_1_455' title='bbox 882 2255 945 2287; x_wconf 87' lang='lat' dir='ltr'>sed</span> <span class='ocrx_word' id='word_1_456' title='bbox 967 2259 1002 2286; x_wconf 89' lang='lat' dir='ltr'>et</span> <span class='ocrx_word' id='word_1_457' title='bbox 1025 2264 1218 2296; x_wconf 87' lang='lat' dir='ltr'>caprarum,</span> <span class='ocrx_word' id='word_1_458' title='bbox 1242 2254 1277 2286; x_wconf 90' lang='lat' dir='ltr'>in</span> <span class='ocrx_word' id='word_1_459' title='bbox 1299 2265 1380 2287; x_wconf 89' lang='lat' dir='ltr'>usus</span> <span class='ocrx_word' id='word_1_460' title='bbox 1402 2254 1665 2293; x_wconf 88' lang='lat' dir='ltr'>Saracenorum,</span> <span class='ocrx_word' id='word_1_461' title='bbox 1690 2266 1834 2298; x_wconf 91' lang='lat' dir='ltr'>quorum</span> <span class='ocrx_word' id='word_1_462' title='bbox 1850 2255 1998 2288; x_wconf 87' lang='lat' dir='ltr'>maxima</span> <span class='ocrx_word' id='word_1_463' title='bbox 2013 2266 2094 2299; x_wconf 84' lang='lat' dir='ltr'>pars</span> <span class='ocrx_word' id='word_1_464' title='bbox 2109 2265 2209 2289; x_wconf 86' lang='lat' dir='ltr'>exer-</span> <span class='ocrx_word' id='word_1_465' title='bbox 2301 2252 2308 2265; x_wconf 67' lang='lat'><em>³</em></span> 
     </span>
     <span class='ocr_line' id='line_1_42' title="bbox 374 2307 2207 2353; baseline 0.001 -11"><span class='ocrx_word' id='word_1_466' title='bbox 374 2309 456 2343; x_wconf 87' lang='lat' dir='ltr'>citui</span> <span class='ocrx_word' id='word_1_467' title='bbox 477 2309 657 2346; x_wconf 85' lang='lat' dir='ltr'>intererat,</span> <span class='ocrx_word' id='word_1_468' title='bbox 680 2308 856 2351; x_wconf 87' lang='lat' dir='ltr'>occupari,</span> <span class='ocrx_word' id='word_1_469' title='bbox 879 2313 918 2340; x_wconf 93' lang='lat' dir='ltr'>ut</span> <span class='ocrx_word' id='word_1_470' title='bbox 939 2307 1073 2346; x_wconf 86' lang='lat' dir='ltr'>merito,</span> <span class='ocrx_word' id='word_1_471' title='bbox 1097 2319 1118 2339; x_wconf 89' lang='lat' dir='ltr'>a</span> <span class='ocrx_word' id='word_1_472' title='bbox 1140 2307 1327 2340; x_wconf 86' lang='lat' dir='ltr'>collatione</span> <span class='ocrx_word' id='word_1_473' title='bbox 1350 2308 1468 2340; x_wconf 88' lang='lat' dir='ltr'>similis</span> <span class='ocrx_word' id='word_1_474' title='bbox 1492 2308 1694 2352; x_wconf 90' lang='lat' dir='ltr'>argumenti,</span> <span class='ocrx_word' id='word_1_475' title='bbox 1717 2319 1861 2353; x_wconf 87' lang='lat' dir='ltr'>gregum</span> <span class='ocrx_word' id='word_1_476' title='bbox 1883 2308 2004 2343; x_wconf 88' lang='lat' dir='ltr'>Laban</span> <span class='ocrx_word' id='word_1_477' title='bbox 2027 2315 2063 2343; x_wconf 86' lang='lat' dir='ltr'>et</span> <span class='ocrx_word' id='word_1_478' title='bbox 2089 2309 2207 2353; x_wconf 87' lang='lat' dir='ltr'>Jacob,</span> 
     </span>
     <span class='ocr_line' id='line_1_43' title="bbox 372 2360 2210 2406; baseline 0.001 -10"><span class='ocrx_word' id='word_1_479' title='bbox 372 2363 401 2396; x_wconf 90' lang='lat' dir='ltr'>si</span> <span class='ocrx_word' id='word_1_480' title='bbox 423 2362 577 2406; x_wconf 86' lang='lat' dir='ltr'>legisses,</span> <span class='ocrx_word' id='word_1_481' title='bbox 599 2361 655 2394; x_wconf 89' lang='lat' dir='ltr'>vel</span> <span class='ocrx_word' id='word_1_482' title='bbox 679 2366 785 2398; x_wconf 90' lang='lat' dir='ltr'>certe,</span> <span class='ocrx_word' id='word_1_483' title='bbox 809 2361 925 2404; x_wconf 89' lang='lat' dir='ltr'>aliquo</span> <span class='ocrx_word' id='word_1_484' title='bbox 948 2360 1134 2399; x_wconf 80' lang='lat' dir='ltr'>referente,</span> <span class='ocrx_word' id='word_1_485' title='bbox 1158 2361 1351 2399; x_wconf 88' lang='lat' dir='ltr'>didicisses,</span> <span class='ocrx_word' id='word_1_486' title='bbox 1373 2361 1550 2394; x_wconf 87' lang='lat' dir='ltr'>recordari</span> <span class='ocrx_word' id='word_1_487' title='bbox 1573 2361 1751 2404; x_wconf 87' lang='lat' dir='ltr'>potuisses.</span> <span class='ocrx_word' id='word_1_488' title='bbox 1797 2362 2019 2406; x_wconf 87' lang='lat' dir='ltr'>Congregato</span> <span class='ocrx_word' id='word_1_489' title='bbox 2043 2363 2210 2402; x_wconf 80' lang='lat' dir='ltr'>exercitu,</span> 
     </span>
    </p>
   </div>
   <div class='ocr_carea' id='block_1_9' title="bbox 2288 1821 2314 2270">
    <p class='ocr_par' dir='ltr' id='par_1_12' title="bbox 2288 1821 2314 2270">
     <span class='ocr_line' id='line_1_44' title="bbox 2288 1821 2314 2002; baseline 0 0"><span class='ocrx_word' id='word_1_490' title='bbox 2288 1821 2314 2002; x_wconf 95' lang='lat' dir='ltr'>  </span> 
     </span>
     <span class='ocr_line' id='line_1_45' title="bbox 2288 2002 2314 2270; baseline 0 0"><span class='ocrx_word' id='word_1_491' title='bbox 2288 2002 2314 2270; x_wconf 95' lang='lat' dir='ltr'>  </span> 
     </span>
    </p>
   </div>
   <div class='ocr_carea' id='block_1_10' title="bbox 372 2471 2207 2761">
    <p class='ocr_par' dir='ltr' id='par_1_13' title="bbox 372 2471 2207 2761">
     <span class='ocr_line' id='line_1_46' title="bbox 461 2471 2206 2508; baseline 0 -8"><span class='ocrx_word' id='word_1_492' title='bbox 461 2482 486 2500; x_wconf 84' lang='lat'>2.</span> <span class='ocrx_word' id='word_1_493' title='bbox 506 2475 660 2500; x_wconf 80' lang='lat' dir='ltr'>attentetur</span> <span class='ocrx_word' id='word_1_494' title='bbox 678 2473 741 2499; x_wconf 87' lang='lat' dir='ltr'><em>BD</em></span> <span class='ocrx_word' id='word_1_495' title='bbox 759 2486 792 2491; x_wconf 90' lang='lat'>—</span> <span class='ocrx_word' id='word_1_496' title='bbox 811 2481 835 2505; x_wconf 92' lang='lat'>4.</span> <span class='ocrx_word' id='word_1_497' title='bbox 856 2473 891 2497; x_wconf 80' lang='lat' dir='ltr'>ad</span> <span class='ocrx_word' id='word_1_498' title='bbox 909 2473 1043 2497; x_wconf 82' lang='lat' dir='ltr'>comltem</span> <span class='ocrx_word' id='word_1_499' title='bbox 1060 2480 1109 2497; x_wconf 85' lang='lat' dir='ltr'>om.</span> <span class='ocrx_word' id='word_1_500' title='bbox 1128 2473 1190 2497; x_wconf 87' lang='lat' dir='ltr'>BD</span> <span class='ocrx_word' id='word_1_501' title='bbox 1209 2487 1241 2491; x_wconf 97' lang='lat'><strong>—</strong></span> <span class='ocrx_word' id='word_1_502' title='bbox 1261 2472 1286 2498; x_wconf 90' lang='lat'>6.</span> <span class='ocrx_word' id='word_1_503' title='bbox 1306 2471 1445 2507; x_wconf 86' lang='lat' dir='ltr'>dotatam]</span> <span class='ocrx_word' id='word_1_504' title='bbox 1466 2474 1629 2499; x_wconf 82' lang='lat' dir='ltr'>denotatam</span> <span class='ocrx_word' id='word_1_505' title='bbox 1649 2475 1677 2498; x_wconf 88' lang='lat' dir='ltr'><em>P</em></span> <span class='ocrx_word' id='word_1_506' title='bbox 1694 2489 1721 2492; x_wconf 97' lang='lat'><strong>—</strong></span> <span class='ocrx_word' id='word_1_507' title='bbox 1747 2479 1771 2505; x_wconf 83' lang='lat'>7.</span> <span class='ocrx_word' id='word_1_508' title='bbox 1790 2476 1950 2506; x_wconf 82' lang='lat' dir='ltr'>praesentes</span> <span class='ocrx_word' id='word_1_509' title='bbox 1970 2473 2050 2508; x_wconf 89' lang='lat'>(.·.·</span> <span class='ocrx_word' id='word_1_510' title='bbox 2062 2494 2067 2500; x_wconf 94' lang='lat'>.</span> <span class='ocrx_word' id='word_1_511' title='bbox 2079 2476 2107 2508; x_wconf 83' lang='lat'>·)</span> <span class='ocrx_word' id='word_1_512' title='bbox 2125 2476 2206 2508; x_wconf 81' lang='lat' dir='ltr'>putes</span> 
     </span>
     <span class='ocr_line' id='line_1_47' title="bbox 373 2515 2205 2550; baseline 0 -8"><span class='ocrx_word' id='word_1_513' title='bbox 373 2517 423 2542; x_wconf 73' lang='lat' dir='ltr'>cosi</span> <span class='ocrx_word' id='word_1_514' title='bbox 436 2518 465 2543; x_wconf 86' lang='lat' dir='ltr'><em>P</em></span> <span class='ocrx_word' id='word_1_515' title='bbox 475 2530 508 2536; x_wconf 95' lang='lat'><strong>—</strong></span> <span class='ocrx_word' id='word_1_516' title='bbox 521 2516 545 2542; x_wconf 87' lang='lat'>8.</span> <span class='ocrx_word' id='word_1_517' title='bbox 565 2517 793 2542; x_wconf 82' lang='lat' dir='ltr'>nominationem</span> <span class='ocrx_word' id='word_1_518' title='bbox 805 2517 833 2541; x_wconf 91' lang='lat' dir='ltr'>P</span> <span class='ocrx_word' id='word_1_519' title='bbox 844 2529 876 2534; x_wconf 90' lang='lat'><strong>—</strong></span> <span class='ocrx_word' id='word_1_520' title='bbox 893 2522 981 2549; x_wconf 77' lang='lat'>12-13.</span> <span class='ocrx_word' id='word_1_521' title='bbox 1000 2517 1031 2540; x_wconf 87' lang='lat' dir='ltr'>ut</span> <span class='ocrx_word' id='word_1_522' title='bbox 1049 2515 1155 2540; x_wconf 81' lang='lat' dir='ltr'>serrum</span> <span class='ocrx_word' id='word_1_523' title='bbox 1167 2517 1229 2540; x_wconf 87' lang='lat' dir='ltr'>cote</span> <span class='ocrx_word' id='word_1_524' title='bbox 1242 2521 1291 2540; x_wconf 78' lang='lat' dir='ltr'>om.</span> <span class='ocrx_word' id='word_1_525' title='bbox 1306 2517 1332 2540; x_wconf 86' lang='grc' dir='ltr'><em>Β</em></span> <span class='ocrx_word' id='word_1_526' title='bbox 1341 2518 1377 2541; x_wconf 89' lang='lat' dir='ltr'>D.</span> <span class='ocrx_word' id='word_1_527' title='bbox 1414 2516 1445 2540; x_wconf 82' lang='lat' dir='ltr'>In</span> <span class='ocrx_word' id='word_1_528' title='bbox 1458 2517 1484 2540; x_wconf 90' lang='lat' dir='ltr'><em>B</em></span> <span class='ocrx_word' id='word_1_529' title='bbox 1493 2517 1681 2548; x_wconf 73' lang='lat' dir='ltr'>precisamente</span> <span class='ocrx_word' id='word_1_530' title='bbox 1692 2516 1720 2540; x_wconf 72' lang='grc' dir='ltr'>ἐι</span> <span class='ocrx_word' id='word_1_531' title='bbox 1736 2535 1757 2541; x_wconf 90' lang='grc'>..</span> <span class='ocrx_word' id='word_1_532' title='bbox 1769 2536 1775 2541; x_wconf 89' lang='grc'><strong>.</strong></span> <span class='ocrx_word' id='word_1_533' title='bbox 1787 2535 1793 2541; x_wconf 70' lang='grc'>,</span> <span class='ocrx_word' id='word_1_534' title='bbox 1804 2524 1865 2541; x_wconf 88' lang='lat' dir='ltr'>rum</span> <span class='ocrx_word' id='word_1_535' title='bbox 1878 2517 1910 2541; x_wconf 75' lang='lat' dir='ltr'>di</span> <span class='ocrx_word' id='word_1_536' title='bbox 1921 2517 2024 2542; x_wconf 80' lang='lat' dir='ltr'>ferrum</span> <span class='ocrx_word' id='word_1_537' title='bbox 2040 2530 2071 2536; x_wconf 90' lang='lat'><em>·-·—</em></span> <span class='ocrx_word' id='word_1_538' title='bbox 2087 2525 2126 2550; x_wconf 84' lang='lat'>14.</span> <span class='ocrx_word' id='word_1_539' title='bbox 2141 2525 2205 2543; x_wconf 87' lang='lat' dir='ltr'>suos</span> 
     </span>
     <span class='ocr_line' id='line_1_48' title="bbox 373 2557 2206 2593; baseline 0 -9"><span class='ocrx_word' id='word_1_540' title='bbox 373 2567 423 2584; x_wconf 81' lang='lat' dir='ltr'>om.</span> <span class='ocrx_word' id='word_1_541' title='bbox 441 2560 469 2583; x_wconf 89' lang='lat' dir='ltr'><strong><em>P</em></strong></span> <span class='ocrx_word' id='word_1_542' title='bbox 485 2572 518 2578; x_wconf 96' lang='lat'><strong>—</strong></span> <span class='ocrx_word' id='word_1_543' title='bbox 547 2564 586 2592; x_wconf 84' lang='lat'>17.</span> <span class='ocrx_word' id='word_1_544' title='bbox 606 2559 747 2591; x_wconf 88' lang='lat' dir='ltr'>Jordanus</span> <span class='ocrx_word' id='word_1_545' title='bbox 772 2558 834 2583; x_wconf 86' lang='lat' dir='ltr'><em>BD</em></span> <span class='ocrx_word' id='word_1_546' title='bbox 860 2571 891 2575; x_wconf 89' lang='lat'><strong>—</strong></span> <span class='ocrx_word' id='word_1_547' title='bbox 920 2557 1007 2589; x_wconf 87' lang='lat'>17—18.</span> <span class='ocrx_word' id='word_1_548' title='bbox 1031 2558 1162 2591; x_wconf 81' lang='lat' dir='ltr'>principe</span> <span class='ocrx_word' id='word_1_549' title='bbox 1186 2558 1290 2583; x_wconf 87' lang='lat' dir='ltr'>Aversl</span> <span class='ocrx_word' id='word_1_550' title='bbox 1314 2559 1450 2583; x_wconf 85' lang='lat' dir='ltr'>defuncto</span> <span class='ocrx_word' id='word_1_551' title='bbox 1471 2558 1535 2584; x_wconf 87' lang='lat' dir='ltr'><em>BD</em></span> <span class='ocrx_word' id='word_1_552' title='bbox 1555 2571 1586 2576; x_wconf 90' lang='lat'><strong>—</strong></span> <span class='ocrx_word' id='word_1_553' title='bbox 1609 2558 1648 2583; x_wconf 91' lang='lat'>18.</span> <span class='ocrx_word' id='word_1_554' title='bbox 1669 2557 1778 2593; x_wconf 79' lang='lat' dir='ltr'>fraude]</span> <span class='ocrx_word' id='word_1_555' title='bbox 1797 2560 1917 2584; x_wconf 87' lang='lat' dir='ltr'>cladeB</span> <span class='ocrx_word' id='word_1_556' title='bbox 1936 2573 1968 2577; x_wconf 86' lang='lat'><strong>—</strong></span> <span class='ocrx_word' id='word_1_557' title='bbox 1988 2566 2029 2592; x_wconf 87' lang='lat'>23.</span> <span class='ocrx_word' id='word_1_558' title='bbox 2048 2560 2138 2593; x_wconf 83' lang='lat' dir='ltr'>igitur</span> <span class='ocrx_word' id='word_1_559' title='bbox 2155 2567 2206 2584; x_wconf 72' lang='lat' dir='ltr'>om.</span> 
     </span>
     <span class='ocr_line' id='line_1_49' title="bbox 372 2599 2207 2634; baseline 0 -7"><span class='ocrx_word' id='word_1_560' title='bbox 372 2603 401 2626; x_wconf 88' lang='lat' dir='ltr'><em>P</em></span> <span class='ocrx_word' id='word_1_561' title='bbox 417 2615 450 2620; x_wconf 98' lang='lat'><strong>—</strong></span> <span class='ocrx_word' id='word_1_562' title='bbox 470 2608 511 2633; x_wconf 89' lang='lat'>24.</span> <span class='ocrx_word' id='word_1_563' title='bbox 530 2601 733 2626; x_wconf 79' lang='lat' dir='ltr'>Flandinensis</span> <span class='ocrx_word' id='word_1_564' title='bbox 754 2601 818 2625; x_wconf 86' lang='lat' dir='ltr'><em>BD</em></span> <span class='ocrx_word' id='word_1_565' title='bbox 837 2613 870 2618; x_wconf 98' lang='lat'><strong>—</strong></span> <span class='ocrx_word' id='word_1_566' title='bbox 883 2599 924 2624; x_wconf 86' lang='lat'>26.</span> <span class='ocrx_word' id='word_1_567' title='bbox 938 2601 1014 2624; x_wconf 89' lang='lat' dir='ltr'>enim</span> <span class='ocrx_word' id='word_1_568' title='bbox 1032 2607 1081 2624; x_wconf 88' lang='lat' dir='ltr'>om.</span> <span class='ocrx_word' id='word_1_569' title='bbox 1101 2601 1129 2624; x_wconf 89' lang='lat' dir='ltr'><em>P</em></span> <span class='ocrx_word' id='word_1_570' title='bbox 1146 2614 1178 2618; x_wconf 90' lang='lat'><em>-</em></span> <span class='ocrx_word' id='word_1_571' title='bbox 1198 2606 1240 2632; x_wconf 82' lang='lat'>30.</span> <span class='ocrx_word' id='word_1_572' title='bbox 1254 2601 1393 2633; x_wconf 83' lang='lat' dir='ltr'>principis</span> <span class='ocrx_word' id='word_1_573' title='bbox 1411 2602 1439 2625; x_wconf 92' lang='lat' dir='ltr'>et</span> <span class='ocrx_word' id='word_1_574' title='bbox 1458 2601 1546 2632; x_wconf 81' lang='lat' dir='ltr'>ducis,</span> <span class='ocrx_word' id='word_1_575' title='bbox 1568 2601 1667 2626; x_wconf 85' lang='lat' dir='ltr'>multis</span> <span class='ocrx_word' id='word_1_576' title='bbox 1685 2601 1736 2626; x_wconf 76' lang='lat' dir='ltr'>cosi</span> <span class='ocrx_word' id='word_1_577' title='bbox 1755 2602 1819 2627; x_wconf 91' lang='lat' dir='ltr'>BD</span> <span class='ocrx_word' id='word_1_578' title='bbox 1839 2615 1870 2619; x_wconf 90' lang='lat'>—</span> <span class='ocrx_word' id='word_1_579' title='bbox 1890 2608 1931 2634; x_wconf 87' lang='lat'>31.</span> <span class='ocrx_word' id='word_1_580' title='bbox 1951 2602 2095 2634; x_wconf 85' lang='lat' dir='ltr'>legatione</span> <span class='ocrx_word' id='word_1_581' title='bbox 2113 2602 2207 2634; x_wconf 83' lang='lat' dir='ltr'>depre—</span> 
     </span>
     <span class='ocr_line' id='line_1_50' title="bbox 375 2641 2204 2678; baseline 0.001 -10"><span class='ocrx_word' id='word_1_582' title='bbox 375 2644 481 2669; x_wconf 87' lang='lat' dir='ltr'>catoris</span> <span class='ocrx_word' id='word_1_583' title='bbox 499 2645 527 2668; x_wconf 88' lang='lat' dir='ltr'>et</span> <span class='ocrx_word' id='word_1_584' title='bbox 545 2643 710 2668; x_wconf 86' lang='lat' dir='ltr'>humilitate</span> <span class='ocrx_word' id='word_1_585' title='bbox 728 2643 897 2675; x_wconf 85' lang='lat' dir='ltr'>exponentis</span> <span class='ocrx_word' id='word_1_586' title='bbox 915 2642 967 2666; x_wconf 71' lang='lat' dir='ltr'>cosi</span> <span class='ocrx_word' id='word_1_587' title='bbox 983 2642 1012 2667; x_wconf 85' lang='lat' dir='ltr'><em>P</em></span> <span class='ocrx_word' id='word_1_588' title='bbox 1027 2655 1062 2660; x_wconf 98' lang='lat'><strong>—</strong></span> <span class='ocrx_word' id='word_1_589' title='bbox 1080 2648 1122 2674; x_wconf 85' lang='lat'>3²·</span> <span class='ocrx_word' id='word_1_590' title='bbox 1143 2644 1224 2667; x_wconf 86' lang='lat' dir='ltr'>antea</span> <span class='ocrx_word' id='word_1_591' title='bbox 1242 2643 1270 2667; x_wconf 87' lang='lat' dir='ltr'><em>P</em></span> <span class='ocrx_word' id='word_1_592' title='bbox 1286 2655 1296 2660; x_wconf 96' lang='lat'><em>—</em></span> <span class='ocrx_word' id='word_1_593' title='bbox 1309 2642 1435 2667; x_wconf 85' lang='lat' dir='ltr'>conflans</span> <span class='ocrx_word' id='word_1_594' title='bbox 1454 2643 1518 2668; x_wconf 83' lang='lat' dir='ltr'><em>BD</em></span> <span class='ocrx_word' id='word_1_595' title='bbox 1537 2657 1568 2660; x_wconf 97' lang='lat'><strong>—</strong></span> <span class='ocrx_word' id='word_1_596' title='bbox 1588 2650 1630 2675; x_wconf 78' lang='lat'>33.</span> <span class='ocrx_word' id='word_1_597' title='bbox 1651 2641 1784 2677; x_wconf 86' lang='lat' dir='ltr'>Paschae]</span> <span class='ocrx_word' id='word_1_598' title='bbox 1802 2651 1870 2677; x_wconf 84' lang='lat' dir='ltr'>pace</span> <span class='ocrx_word' id='word_1_599' title='bbox 1888 2644 1914 2668; x_wconf 88' lang='lat' dir='ltr'><em>P</em></span> <span class='ocrx_word' id='word_1_600' title='bbox 1931 2657 1963 2661; x_wconf 83' lang='lat'>-</span> <span class='ocrx_word' id='word_1_601' title='bbox 1981 2651 2025 2676; x_wconf 82' lang='lat'>34.</span> <span class='ocrx_word' id='word_1_602' title='bbox 2037 2642 2113 2678; x_wconf 84' lang='lat' dir='ltr'>arto]</span> <span class='ocrx_word' id='word_1_603' title='bbox 2126 2651 2204 2669; x_wconf 79' lang='lat' dir='ltr'>arcos</span> 
     </span>
     <span class='ocr_line' id='line_1_51' title="bbox 373 2683 2205 2719; baseline 0.001 -10"><span class='ocrx_word' id='word_1_604' title='bbox 373 2686 437 2711; x_wconf 88' lang='lat' dir='ltr'>BD</span> <span class='ocrx_word' id='word_1_605' title='bbox 455 2698 488 2704; x_wconf 93' lang='lat'>—</span> <span class='ocrx_word' id='word_1_606' title='bbox 507 2690 551 2719; x_wconf 81' lang='lat'>35.</span> <span class='ocrx_word' id='word_1_607' title='bbox 569 2685 700 2710; x_wconf 82' lang='lat' dir='ltr'>tardante</span> <span class='ocrx_word' id='word_1_608' title='bbox 718 2685 782 2710; x_wconf 91' lang='lat' dir='ltr'>BD</span> <span class='ocrx_word' id='word_1_609' title='bbox 801 2697 810 2702; x_wconf 93' lang='lat'><em>—</em></span> <span class='ocrx_word' id='word_1_610' title='bbox 829 2683 921 2709; x_wconf 79' lang='lat' dir='ltr'>videri</span> <span class='ocrx_word' id='word_1_611' title='bbox 939 2684 1001 2709; x_wconf 84' lang='lat' dir='ltr'><em>BD</em></span> <span class='ocrx_word' id='word_1_612' title='bbox 1020 2697 1029 2702; x_wconf 97' lang='lat'>-</span> <span class='ocrx_word' id='word_1_613' title='bbox 1048 2691 1131 2717; x_wconf 81' lang='lat' dir='ltr'>super</span> <span class='ocrx_word' id='word_1_614' title='bbox 1149 2692 1198 2709; x_wconf 75' lang='lat' dir='ltr'>um.</span> <span class='ocrx_word' id='word_1_615' title='bbox 1217 2685 1244 2709; x_wconf 87' lang='lat' dir='ltr'>P</span> <span class='ocrx_word' id='word_1_616' title='bbox 1260 2698 1271 2703; x_wconf 96' lang='lat'><em>-</em></span> <span class='ocrx_word' id='word_1_617' title='bbox 1289 2685 1419 2717; x_wconf 86' lang='lat' dir='ltr'>gregibus</span> <span class='ocrx_word' id='word_1_618' title='bbox 1443 2685 1472 2710; x_wconf 84' lang='lat' dir='ltr'><em>P</em></span> <span class='ocrx_word' id='word_1_619' title='bbox 1495 2698 1527 2703; x_wconf 92' lang='lat'>—</span> <span class='ocrx_word' id='word_1_620' title='bbox 1553 2685 1596 2717; x_wconf 84' lang='lat'>36.</span> <span class='ocrx_word' id='word_1_621' title='bbox 1616 2685 1663 2710; x_wconf 88' lang='lat' dir='ltr'>sed</span> <span class='ocrx_word' id='word_1_622' title='bbox 1683 2687 1711 2710; x_wconf 86' lang='lat' dir='ltr'>et</span> <span class='ocrx_word' id='word_1_623' title='bbox 1730 2693 1875 2718; x_wconf 83' lang='lat' dir='ltr'>caprarum</span> <span class='ocrx_word' id='word_1_624' title='bbox 1895 2693 1943 2710; x_wconf 71' lang='lat' dir='ltr'>om.</span> <span class='ocrx_word' id='word_1_625' title='bbox 1963 2685 2029 2710; x_wconf 89' lang='lat' dir='ltr'>BD</span> <span class='ocrx_word' id='word_1_626' title='bbox 2053 2699 2086 2704; x_wconf 79' lang='lat'>-—</span> <span class='ocrx_word' id='word_1_627' title='bbox 2109 2685 2205 2719; x_wconf 85' lang='lat'>36-37.</span> 
     </span>
     <span class='ocr_line' id='line_1_52' title="bbox 375 2725 1158 2761; baseline -0.001 -9"><span class='ocrx_word' id='word_1_628' title='bbox 375 2729 514 2753; x_wconf 85' lang='lat' dir='ltr'>exercitus</span> <span class='ocrx_word' id='word_1_629' title='bbox 533 2729 560 2753; x_wconf 90' lang='lat' dir='ltr'><em>B</em></span> <span class='ocrx_word' id='word_1_630' title='bbox 581 2741 613 2746; x_wconf 92' lang='lat'>-</span> <span class='ocrx_word' id='word_1_631' title='bbox 633 2733 676 2760; x_wconf 86' lang='lat'>37.</span> <span class='ocrx_word' id='word_1_632' title='bbox 693 2725 733 2761; x_wconf 90' lang='lat' dir='ltr'>et]</span> <span class='ocrx_word' id='word_1_633' title='bbox 752 2727 783 2752; x_wconf 85' lang='lat' dir='ltr'>ln</span> <span class='ocrx_word' id='word_1_634' title='bbox 802 2727 866 2752; x_wconf 82' lang='lat' dir='ltr'><em>BD</em></span> <span class='ocrx_word' id='word_1_635' title='bbox 884 2740 917 2745; x_wconf 86' lang='lat'>—-</span> <span class='ocrx_word' id='word_1_636' title='bbox 935 2725 978 2758; x_wconf 86' lang='lat'>38.</span> <span class='ocrx_word' id='word_1_637' title='bbox 997 2728 1111 2759; x_wconf 86' lang='lat' dir='ltr'>poteras</span> <span class='ocrx_word' id='word_1_638' title='bbox 1129 2727 1158 2751; x_wconf 85' lang='lat' dir='ltr'><em>P</em></span> 
     </span>
    </p>
   </div>
   <div class='ocr_carea' id='block_1_11' title="bbox 375 2828 2208 2906">
    <p class='ocr_par' dir='ltr' id='par_1_14' title="bbox 375 2828 2208 2906">
     <span class='ocr_line' id='line_1_53' title="bbox 463 2828 1769 2863; baseline 0.002 -9"><span class='ocrx_word' id='word_1_639' title='bbox 463 2829 470 2845; x_wconf 90' lang='lat'><strong>¹</strong></span> <span class='ocrx_word' id='word_1_640' title='bbox 491 2829 547 2858; x_wconf 75' lang='lat' dir='ltr'>Qui</span> <span class='ocrx_word' id='word_1_641' title='bbox 568 2830 589 2854; x_wconf 82' lang='lat' dir='ltr'>n</span> <span class='ocrx_word' id='word_1_642' title='bbox 609 2829 647 2855; x_wconf 90' lang='lat' dir='ltr'>M.</span> <span class='ocrx_word' id='word_1_643' title='bbox 667 2837 733 2863; x_wconf 86' lang='lat' dir='ltr'>pare</span> <span class='ocrx_word' id='word_1_644' title='bbox 752 2829 803 2854; x_wconf 88' lang='lat' dir='ltr'>che</span> <span class='ocrx_word' id='word_1_645' title='bbox 817 2829 913 2862; x_wconf 84' lang='lat' dir='ltr'>voglia</span> <span class='ocrx_word' id='word_1_646' title='bbox 926 2828 1051 2854; x_wconf 86' lang='lat' dir='ltr'>alludere</span> <span class='ocrx_word' id='word_1_647' title='bbox 1064 2829 1092 2853; x_wconf 84' lang='lat' dir='ltr'>ai</span> <span class='ocrx_word' id='word_1_648' title='bbox 1106 2829 1210 2861; x_wconf 81' lang='lat' dir='ltr'>pretesi</span> <span class='ocrx_word' id='word_1_649' title='bbox 1224 2830 1265 2853; x_wconf 90' lang='lat' dir='ltr'>di·</span> <span class='ocrx_word' id='word_1_650' title='bbox 1407 2828 1419 2845; x_wconf 83' lang='lat'><strong>²</strong></span> <span class='ocrx_word' id='word_1_651' title='bbox 1435 2829 1525 2855; x_wconf 67' lang='lat' dir='ltr'>Para.</span> <span class='ocrx_word' id='word_1_652' title='bbox 1543 2830 1640 2861; x_wconf 64' lang='lat' dir='ltr'>Duc„</span> <span class='ocrx_word' id='word_1_653' title='bbox 1659 2830 1707 2860; x_wconf 90' lang='lat' dir='ltr'>IV,</span> <span class='ocrx_word' id='word_1_654' title='bbox 1730 2838 1769 2856; x_wconf 90' lang='lat'>10.</span> 
     </span>
     <span class='ocr_line' id='line_1_54' title="bbox 375 2870 2208 2906; baseline 0.001 -11"><span class='ocrx_word' id='word_1_655' title='bbox 375 2872 437 2896; x_wconf 85' lang='lat' dir='ltr'>ritti</span> <span class='ocrx_word' id='word_1_656' title='bbox 456 2872 507 2897; x_wconf 86' lang='lat' dir='ltr'>che</span> <span class='ocrx_word' id='word_1_657' title='bbox 526 2873 535 2896; x_wconf 90' lang='lat' dir='ltr'>i</span> <span class='ocrx_word' id='word_1_658' title='bbox 555 2873 680 2905; x_wconf 85' lang='lat' dir='ltr'>principi</span> <span class='ocrx_word' id='word_1_659' title='bbox 700 2871 728 2896; x_wconf 90' lang='lat' dir='ltr'>di</span> <span class='ocrx_word' id='word_1_660' title='bbox 749 2870 847 2904; x_wconf 84' lang='lat' dir='ltr'>Capua</span> <span class='ocrx_word' id='word_1_661' title='bbox 866 2873 1029 2896; x_wconf 82' lang='lat' dir='ltr'>vantavano</span> <span class='ocrx_word' id='word_1_662' title='bbox 1054 2878 1086 2895; x_wconf 88' lang='lat' dir='ltr'>su</span> <span class='ocrx_word' id='word_1_663' title='bbox 1111 2871 1226 2903; x_wconf 83' lang='lat' dir='ltr'>Napoli,</span> <span class='ocrx_word' id='word_1_664' title='bbox 1251 2878 1266 2895; x_wconf 92' lang='lat' dir='ltr'>e</span> <span class='ocrx_word' id='word_1_665' title='bbox 1407 2870 1417 2887; x_wconf 82' lang='lat'><strong>³</strong></span> <span class='ocrx_word' id='word_1_666' title='bbox 1437 2872 1489 2897; x_wconf 90' lang='lat' dir='ltr'>Nel</span> <span class='ocrx_word' id='word_1_667' title='bbox 1510 2871 1578 2906; x_wconf 88' lang='lat'>1098</span> <span class='ocrx_word' id='word_1_668' title='bbox 1598 2873 1624 2897; x_wconf 89' lang='lat' dir='ltr'>la</span> <span class='ocrx_word' id='word_1_669' title='bbox 1644 2872 1753 2905; x_wconf 85' lang='lat' dir='ltr'>Pasqua</span> <span class='ocrx_word' id='word_1_670' title='bbox 1775 2873 1802 2898; x_wconf 83' lang='lat' dir='ltr'>fu</span> <span class='ocrx_word' id='word_1_671' title='bbox 1822 2873 1844 2898; x_wconf 89' lang='lat' dir='ltr'>il</span> <span class='ocrx_word' id='word_1_672' title='bbox 1865 2874 1898 2899; x_wconf 84' lang='lat'>28</span> <span class='ocrx_word' id='word_1_673' title='bbox 1917 2881 2022 2902; x_wconf 81' lang='lat' dir='ltr'>marzo;</span> <span class='ocrx_word' id='word_1_674' title='bbox 2041 2872 2069 2897; x_wconf 86' lang='lat' dir='ltr'>la</span> <span class='ocrx_word' id='word_1_675' title='bbox 2087 2872 2208 2898; x_wconf 79' lang='lat' dir='ltr'>secunda</span> 
     </span>
    </p>
   </div>
   <div class='ocr_carea' id='block_1_12' title="bbox 374 2954 2207 3033">
    <p class='ocr_par' dir='ltr' id='par_1_15' title="bbox 374 2954 2207 3033">
     <span class='ocr_line' id='line_1_55' title="bbox 376 2954 2207 2989; baseline 0.001 -10"><span class='ocrx_word' id='word_1_676' title='bbox 376 2955 472 2979; x_wconf 85' lang='lat' dir='ltr'>cedere</span> <span class='ocrx_word' id='word_1_677' title='bbox 491 2956 517 2980; x_wconf 79' lang='lat' dir='ltr'>ai</span> <span class='ocrx_word' id='word_1_678' title='bbox 535 2955 702 2981; x_wconf 82' lang='lat' dir='ltr'>Normanni.</span> <span class='ocrx_word' id='word_1_679' title='bbox 740 2955 785 2981; x_wconf 85' lang='lat' dir='ltr'>Cf.</span> <span class='ocrx_word' id='word_1_680' title='bbox 803 2955 921 2984; x_wconf 60' lang='lat' dir='ltr'>Senum,</span> <span class='ocrx_word' id='word_1_681' title='bbox 934 2955 1024 2980; x_wconf 68' lang='lat' dir='ltr'>Suria</span> <span class='ocrx_word' id='word_1_682' title='bbox 1037 2954 1081 2979; x_wconf 76' lang='lat' dir='ltr'>ael</span> <span class='ocrx_word' id='word_1_683' title='bbox 1092 2955 1193 2981; x_wconf 79' lang='lat' dir='ltr'>Ducato</span> <span class='ocrx_word' id='word_1_684' title='bbox 1210 2955 1264 2979; x_wconf 86' lang='lat' dir='ltr'>Na-</span> <span class='ocrx_word' id='word_1_685' title='bbox 1318 2957 1432 2989; x_wconf 87' lang='lat' dir='ltr'>maggio</span> <span class='ocrx_word' id='word_1_686' title='bbox 1452 2956 1473 2980; x_wconf 92' lang='lat' dir='ltr'>il</span> <span class='ocrx_word' id='word_1_687' title='bbox 1498 2956 1592 2981; x_wconf 87' lang='lat' dir='ltr'>Conte</span> <span class='ocrx_word' id='word_1_688' title='bbox 1616 2955 1631 2981; x_wconf 75' lang='lat' dir='ltr'>e</span> <span class='ocrx_word' id='word_1_689' title='bbox 1649 2964 1754 2982; x_wconf 83' lang='lat' dir='ltr'>ancora</span> <span class='ocrx_word' id='word_1_690' title='bbox 1774 2958 1805 2981; x_wconf 87' lang='lat' dir='ltr'>in</span> <span class='ocrx_word' id='word_1_691' title='bbox 1824 2956 1966 2986; x_wconf 82' lang='lat' dir='ltr'>Calabria,</span> <span class='ocrx_word' id='word_1_692' title='bbox 1986 2965 2000 2982; x_wconf 81' lang='lat' dir='ltr'>a</span> <span class='ocrx_word' id='word_1_693' title='bbox 2020 2956 2116 2982; x_wconf 80' lang='lat' dir='ltr'>Malda</span> <span class='ocrx_word' id='word_1_694' title='bbox 2134 2955 2207 2988; x_wconf 88' lang='lat' dir='ltr'>(doc.</span> 
     </span>
     <span class='ocr_line' id='line_1_56' title="bbox 374 2996 1872 3033; baseline 0.002 -12"><span class='ocrx_word' id='word_1_695' title='bbox 374 2996 490 3028; x_wconf 61' lang='lat' dir='ltr'>pontano</span> <span class='ocrx_word' id='word_1_696' title='bbox 508 2997 633 3031; x_wconf 82' lang='lat' dir='ltr'>(Napoli,</span> <span class='ocrx_word' id='word_1_697' title='bbox 657 2996 744 3032; x_wconf 80' lang='lat'>1895),</span> <span class='ocrx_word' id='word_1_698' title='bbox 763 3007 790 3032; x_wconf 87' lang='lat' dir='ltr'>p.</span> <span class='ocrx_word' id='word_1_699' title='bbox 810 3004 859 3031; x_wconf 85' lang='lat'>247</span> <span class='ocrx_word' id='word_1_700' title='bbox 879 3005 937 3032; x_wconf 70' lang='lat' dir='ltr'>agg.</span> <span class='ocrx_word' id='word_1_701' title='bbox 1317 2999 1359 3024; x_wconf 86' lang='lat' dir='ltr'>ed.</span> <span class='ocrx_word' id='word_1_702' title='bbox 1379 2999 1425 3023; x_wconf 87' lang='lat' dir='ltr'>dal</span> <span class='ocrx_word' id='word_1_703' title='bbox 1446 2998 1571 3029; x_wconf 74' lang='lat' dir='ltr'>CASPAR,</span> <span class='ocrx_word' id='word_1_704' title='bbox 1592 2999 1679 3031; x_wconf 78' lang='lat' dir='ltr'>Roger</span> <span class='ocrx_word' id='word_1_705' title='bbox 1697 2999 1733 3031; x_wconf 88' lang='lat' dir='ltr'>II,</span> <span class='ocrx_word' id='word_1_706' title='bbox 1754 3007 1781 3033; x_wconf 90' lang='lat' dir='ltr'>p.</span> <span class='ocrx_word' id='word_1_707' title='bbox 1800 2998 1872 3033; x_wconf 81' lang='lat'>632).</span> 
     </span>
    </p>
   </div>
  </div>
 </body>
</html>
