2320 3424
199 354 275 378 Mun„
291 356 329 380 568

207 567 237 591 l),
254 569 313 587 1061)

219 1046 243 1070 C,
259 1053 305 1070 197

217 1207 306 1231 B,15r

322 2722 355 2739 10

325 2929 354 2955 15

958 218 1235 254 GAUFREDI
1265 217 1643 254 MALATERRAE
2060 224 2113 260 [A.
2133 225 2226 260 106³]

379 350 546 382 rarentur,
573 343 715 386 cupiens
738 342 890 384 experiri
913 340 1023 374 cuius'
1047 340 1219 373 valentiae
1243 350 1363 372 eorum
1387 338 1529 372 militiae
1561 346 1662 378 esset,
1692 340 1778 374 illuc
1808 352 1927 374 versus
1958 341 2068 374 aciem
2100 340 2224 385 dirigit.

376 398 602 431 Praemittens
619 395 810 437 Serlonem‚
835 400 996 437 nepotem
1019 405 1127 431 suum,
1152 403 1229 425 cum
1253 392 1394 436 triginta
1416 391 1591 432 militibus,
1614 393 1726 436 quise
1742 400 1822 427 aute
1837 401 1987 428 castrum
2003 394 2226 428 ostendentes

378 456 550 484 extractos
573 449 618 482 ad
642 454 818 482 certamen
843 449 1044 484 excitarent,
1068 446 1145 489 ipse
1169 457 1248 479 cum
1273 445 1420 478 caeteris
1442 446 1478 478 in
1501 447 1654 489 quodam
1678 446 1769 485 loco,
1793 447 1829 479 in
1853 448 1987 480 insidiis
2013 448 2133 486 latens,
2165 458 2226 480 oc-

378 504 536 541 cultatur,
559 508 607 540 ut,
632 502 713 534 dum
736 511 816 533 suos
839 510 882 533 ex
904 500 1086 538 industria,
1110 499 1269 531 simulato
1285 499 1418 537 timore,
1436 499 1612 542 fugientes
1626 499 1677 532 illi
1693 500 1808 533 acrius
1822 507 2122 544 persequerentur,
2138 501 2227 543 ipse,

375 558 548 599 insperato
572 567 593 588 a
614 555 693 587 loco
709 554 910 587 insidiarum
927 562 1166 596 prorumpens,
1184 553 1310 590 hostes,
1326 552 1462 595 longius
1478 563 1498 584 a
1515 558 1626 584 castro
1643 552 1834 587 subtractos
1842 554 1859 592 ¹,
1875 554 2012 587 facilius
2027 559 2226 597 occuparet.

378 609 475 648 Quos
498 608 652 647 Arabici,
677 609 735 651 qui
758 608 793 639 in
817 613 930 640 castro
954 613 1062 645 erant,
1087 607 1220 639 eminus
1235 606 1423 638 adventare
1440 605 1608 644 videntes,
1626 606 1776 639 maximo
1799 607 1930 650 impetu
1952 614 2227 651 prorumpentes,

377 663 469 696 obvii
491 668 579 700 sunt,
604 662 776 705 fugientes
798 666 1035 703 persecuntur,
1059 659 1284 702 accingentes
1308 659 1458 697 diruunt,
1482 659 1518 691 in
1540 664 1672 691 tantum
1695 665 1733 692 ut
1748 660 1794 693 ad
1809 661 1925 693 locum
1940 661 2140 694 insidiarum
2156 671 2226 694 non

375 716 441 748 nisi
465 716 533 748 duo
558 725 600 748 ex
622 714 748 747 nostris
770 714 881 747 illaesi
903 713 1135 757 pervenirent.
1182 712 1292 745 Porro
1317 722 1434 745 comes
1456 722 1546 750 suos,
1570 722 1656 755 quos
1671 713 1908 755 praemiserat,
1925 724 1968 746 ex
1982 721 2080 756 parte
2105 720 2226 758 captos

377 776 412 802 et
435 778 481 801 ex
503 774 602 811 parte
626 769 782 812 dejectos
805 768 937 805 videns,
962 766 1100 799 leonino
1123 767 1254 808 impetu
1277 765 1322 798 ab
1345 765 1478 798 insidiis
1500 776 1739 808 prorumpens,
1755 765 1911 799 hostibus
1934 767 2095 801 occurrit.
2140 767 2227 801 Cer-

377 830 492 856 tamen
514 822 594 860 init3
611 822 747 854 fortiter
763 821 935 863 utrimque
960 820 1192 864 congreditur.
1241 818 1313 851 Sed
1336 829 1356 850 a
1374 819 1478 862 longo
1495 825 1531 851 et
1546 819 1618 851 acri
1634 819 1821 851 certamine
1838 820 1976 852 tandem
2000 830 2128 860 comes,
2151 820 2226 854 Deo
2253 821 2267 853 1
2290 813 2292 817 ’

376 877 441 909 sibi
464 876 627 919 propitio,
649 875 795 919 paganis
817 873 1041 918 fugientibus,
1064 872 1175 905 victor
1205 872 1363 905 efficitur.
1409 872 1547 910 Hostes,
1579 878 1755 905 extremos
1786 883 1924 916 quoque
1955 873 2127 914 cedendo,
2149 873 2227 917 plus
2289 864 2291 867 V

377 929 536 962 milliario
560 929 760 972 insequitur.
807 928 935 970 Spoliis
960 933 1111 965 onustus,
1135 927 1244 958 laetus
1266 926 1360 968 apud
1383 926 1559 970 Traynam
1582 926 1781 959 revertitur:
1805 925 1887 959 urbs
1913 927 2042 970 gaudio
2065 927 2226 970 repletur.

466 983 667 1026 Volensque
693 982 828 1015 Siculos
849 981 1004 1023 undique
1029 980 1211 1018 lacessere,
1236 978 1518 1012 Calatabuturum
1533 978 1542 996 ¹
1567 979 1772 1022 praedatum
1795 979 1900 1012 vadit.
1946 980 2050 1013 Unde
2071 979 2227 1014 rediens'

378 1047 498 1069 versus
521 1046 644 1069 roccas
666 1034 977 1078 Castri-Johannis,
1001 1034 1026 1065 si
1052 1033 1143 1066 forte
1165 1031 1338 1065 Arabicos
1359 1043 1380 1063 a
1405 1038 1518 1065 castro
1541 1032 1722 1065 extrahere
1754 1038 1882 1075 posset,
1912 1038 2095 1072 attentans,
2118 1033 2229 1066 maxi-

378 1101 468 1122 mam
484 1090 649 1132 praedam
671 1087 819 1120 reduxit.
865 1087 1117 1119 Profundiores
1141 1085 1258 1128 itaque
1281 1092 1399 1128 partes
1422 1085 1565 1118 Siciliae
1590 1095 1802 1130 cognoscere
1826 1087 1957 1126 volens,
1980 1086 2117 1130 longius
2146 1097 2228 1129 pro-
2253 1085 2293 1127 15

378 1154 525 1187 gressus,
556 1152 666 1184 usque
690 1140 889 1174 Buterium'
911 1140 1079 1183 pervenit,
1102 1138 1172 1178 ubi,
1198 1149 1266 1171 non
1290 1139 1431 1171 minima
1453 1138 1585 1181 praeda
1607 1149 1776 1181 pecorum
1800 1145 1958 1182 accepta,
1982 1139 2138 1182 captivos
2151 1139 2228 1183 plu-

380 1197 485 1228 rimos
508 1205 624 1228 secum
656 1193 858 1231 adducens,'
881 1194 975 1236 apud
998 1191 1157 1226 Anat0r⁸
1189 1193 1376 1235 hospitium
1406 1192 1560 1235 sumpsit.
1606 1192 1646 1224 In
1679 1193 1865 1225 crastinum
1896 1198 2023 1232 autem,
2054 1193 2136 1236 quia
2163 1202 2228 1236 pro

378 1249 593 1293 longitudine
609 1248 744 1281 itineris
766 1253 801 1280 et
824 1247 942 1280 calore
965 1247 1060 1279 nimii
1084 1252 1211 1286 aestus,
1234 1246 1296 1279 sed
1321 1251 1354 1279 et
1377 1256 1490 1289 aquae
1512 1246 1655 1288 penuria
1677 1245 1794 1289 plures
1817 1256 1924 1290 equos
1948 1246 2120 1286 amiserat,
2133 1247 2229 1290 apud

378 1303 544 1336 Sanctum
561 1301 715 1335 Felicem
737 1306 959 1344 pernoctans,
982 1301 1065 1332 inde
1089 1300 1266 1344 Traynam
1289 1299 1398 1332 venit.

465 1400 634 1433 XXXIII.
658 1418 699 1422 —
723 1398 885 1431 Africani
908 1398 1013 1441 igitur
1037 1403 1072 1430 et
1096 1397 1241 1430 Arabici
1265 1408 1343 1430 cum
1366 1397 1616 1438 siciliensibus,
1640 1397 1787 1440 plurimo
1811 1397 1971 1430 exercitu
2002 1403 2226 1442 congregato,
2249 1399 2294 1432 20

376 1460 416 1488 ut
438 1454 566 1487 bellum
590 1453 707 1486 comiti
730 1453 895 1491 inferant,
918 1451 1086 1485 advenire
1110 1452 1319 1490 nuntiantur,
1343 1462 1434 1484 anno
1451 1450 1559 1488 Verbi
1574 1451 1744 1484 incarnati
1759 1450 1955 1484 MLX111⁴:
1973 1451 2098 1494 quibus
2113 1461 2228 1485 comes

379 1519 457 1540 cum
480 1507 549 1540 suis
572 1507 733 1539 alacriter
756 1515 955 1544 occurrens,
979 1505 1013 1536 in
1047 1514 1213 1537 cacumen
1246 1505 1400 1538 eiusdem
1431 1505 1567 1543 montis,
1595 1515 1699 1548 super
1730 1505 1869 1537 fluvium
1898 1504 2071 1547 Cerami⁶,
2100 1510 2138 1538 ut
2166 1513 2228 1538 eos

377 1561 512 1603 plenius
539 1560 765 1603 prospiceret,
778 1558 944 1591 ascendit.
991 1557 1192 1600 Vidensque
1209 1568 1269 1590 eos
1285 1563 1379 1590 trans
1394 1558 1532 1596 flumen,
1545 1558 1581 1590 in
1597 1558 1782 1600 supercilio
1799 1557 1943 1590 alterius
1958 1558 2084 1591 montis
2099 1557 2229 1592 diutius

378 1614 571 1647 alternatim
595 1614 777 1651 intuentes,
801 1622 867 1645 nec
890 1612 943 1644 his
966 1622 1084 1644 versus
1107 1611 1195 1651 illos,
1218 1622 1284 1644 nec
1308 1611 1376 1644 illis
1391 1622 1510 1644 versus
1525 1612 1590 1643 hos
1604 1611 1871 1651 transeuntibus,
1887 1611 2072 1644 Sarraceni
2085 1612 2228 1654 priores,

378 1669 494 1700 locum
517 1673 698 1706 mutantes,
721 1667 767 1699 ad
790 1676 850 1698 sua
874 1671 998 1704 castra,
1015 1665 1140 1709 quibus
1155 1665 1319 1708 hospitati
1336 1671 1446 1703 erant,
1461 1665 1717 1709 regrediuntur.
1763 1665 1888 1698 Comes
1905 1675 1987 1698 vero
2003 1665 2096 1708 apud
2113 1665 2227 1710 Tray·
2249 1663 2293 1698 25

380 1732 459 1753 nam
480 1721 675 1754 revertitur.

469 1774 528 1807 Sic
551 1773 677 1813 triduo,
701 1773 840 1805 flumine
862 1772 1077 1816 interposito,
1108 1783 1181 1805 sese
1214 1778 1331 1805 mutuo
1364 1772 1630 1814 conspicientes,
1658 1782 1724 1805 nec
1747 1771 1798 1804 illi
1820 1782 1938 1805 versus
1968 1772 2054 1805 istos
2083 1771 2228 1806 transire

379 1829 504 1861 flumen
526 1827 806 1870 praesumebant;
831 1827 869 1858 in
894 1831 1016 1868 quarto
1040 1835 1124 1858 vero
1148 1825 1204 1858 die
1228 1824 1423 1864 Sarraceni,
1447 1830 1560 1858 castra
1591 1831 1858 1863 commoventes,
1889 1836 1933 1858 ne
1956 1825 2099 1858 ulterius
2128 1825 2227 1870 quasi

380 1881 425 1913 ad
448 1887 584 1924 tergum
606 1880 801 1924 retrogradi
823 1880 1037 1918 viderentur,
1061 1879 1096 1911 in
1124 1885 1252 1918 monte,
1284 1889 1352 1923 quo
1383 1888 1419 1911 se
1449 1879 1519 1923 jam
1549 1877 1664 1911 triduo
1697 1883 1965 1917 ostentaverant,
1996 1877 2226 1912 castrametati

379 1940 468 1967 sunt.
515 1934 633 1967 Nostri
657 1944 752 1972 vero,
778 1933 938 1966 hostilem
963 1932 1158 1965 affinitatem
1182 1932 1310 1966 diutius
1333 1932 1572 1976 impugnatam
1596 1931 1690 1964 ferre
1713 1931 1883 1970 nolentes,
1907 1941 1985 1964 cum
2009 1941 2136 1976 magna
2165 1932 2227 1965 de·
2250 1932 2294 1966 30

379 1989 530 2028 votione,
553 1987 764 2031 presbyteris
786 1987 942 2026 testibus,
965 1987 1042 2019 Deo
1075 1987 1237 2025 confessi,
1269 1986 1482 2029 poenitentia
1513 1991 1671 2028 accepta,
1702 1985 1766 2017 Dei
1798 1985 2010 2018 miserationi
2040 1995 2115 2019 sese
2132 1995 2228 2018 com-
2300 1975 2303 1981 ¹

380 2043 584 2075 mendantes
617 2047 652 2074 et
685 2042 729 2074 de
765 2041 838 2073 eius
871 2040 998 2073 auxilio
1033 2040 1166 2079 confisi,
1201 2040 1330 2072 bellum
1365 2039 1521 2072 hostibus
1554 2039 1684 2071 inferre
1718 2039 1858 2071 vadunt.
1905 2038 1976 2071 Sed
2009 2038 2126 2072 media
2158 2039 2226 2079 via,

378 2096 499 2128 nuntio
523 2100 680 2137 aecept0‚
704 2095 798 2137 quod
821 2093 1006 2126 ceramum
1029 2093 1072 2126 ab
1095 2092 1251 2126 hostibus
1273 2093 1545 2137 impugnaretur,
1566 2093 1652 2125 illuc
1675 2102 1793 2125 comes
1815 2092 1927 2124 aciem
1950 2091 2086 2135 dirigit:
2111 2091 2228 2125 Serlo-

379 2159 469 2187 nem,
493 2154 655 2191 nepotem
678 2148 765 2188 eius,
789 2157 868 2180 cum
892 2147 1033 2191 triginta
1056 2156 1117 2180 sex
1139 2146 1303 2179 militibus
1326 2147 1560 2189 praemittens,
1583 2151 1630 2184 ut,
1655 2152 1804 2178 castrum
1827 2145 1968 2185 intrans,
1990 2144 2226 2185 defendendo,

451 2286 476 2304 2.
496 2280 673 2304 ostentantes
690 2279 759 2303 BD
777 2292 809 2297 —-
828 2278 852 2303 6.
872 2285 976 2311 magno
995 2279 1060 2303 BD
1079 2292 1112 2297 —
1133 2283 1156 2310 7.
1177 2278 1256 2302 obvii
1276 2279 1344 2303 sunt
1363 2285 1410 2303 om.
1430 2277 1457 2301 B
1474 2290 1509 2295 —-—
1527 2284 1552 2309 9.
1571 2278 1599 2302 et
1617 2284 1664 2301 om.
1685 2277 1745 2303 ΡΟ
1762 2290 1795 2295 —
1816 2283 1855 2308 13.
1876 2276 2066 2302 Calatabutor
2083 2275 2113 2302 Ρ
2128 2288 2161 2294 -
2184 2283 2224 2309 14,

380 2329 475 2346 roccas
488 2329 537 2346 om.
556 2323 622 2346 BD
646 2335 673 2340 —
696 2320 735 2346 16.
756 2329 842 2354 usque
861 2321 994 2346 Buterum
1015 2323 1095 2354 yenit
1113 2322 1142 2347 Ρ
1158 2335 1191 2340 —
1214 2326 1254 2352 17.
1274 2320 1408 2345 reducens
1427 2320 1488 2345 PC
1503 2332 1511 2337 -
1529 2320 1642 2344 Avstor
1662 2319 1689 2344 Ρ
1705 2332 1738 2337 —-
1759 2318 1800 2345 18.
1820 2319 1941 2343 nimium
1959 2319 2024 2343 BD
2042 2331 2075 2336 —
2095 2324 2139 2343 20.
2157 2325 2223 2344 con·

379 2366 489 2397 gregati
508 2364 536 2388 Ρ
550 2378 582 2382 -
603 2370 644 2389 22.
664 2363 794 2389 Chirami
812 2364 877 2388 BD
897 2376 930 2381 -
951 2371 992 2396 ²4·
1012 2364 1114 2389 intuiti
1133 2365 1161 2389 P
1177 2377 1210 2382 —
1231 2362 1321 2396 27-28.
1341 2370 1461 2389 nec....
1481 2362 1696 2395 praesumebant
1715 2369 1764 2386 om.
1783 2362 1849 2386 BD
1868 2374 1900 2379 —
1920 2361 1962 2386 28.
1982 2361 2128 2387 moventes
2146 2360 2174 2385 B
2190 2375 2224 2379 —

380 2413 423 2439 33.
443 2406 604 2431 Cei-amium
623 2406 652 2431 P
667 2407 712 2438 qui
729 2414 743 2430 ε
757 2405 811 2438 gava
830 2420 862 2424 —-
881 2413 971 2438 33-34.
990 2405 1191 2438 Serlonemque
1208 2406 1237 2431 Ρ
1254 2420 1286 2424 -
1307 2413 1349 2438 34.
1368 2404 1440 2437 eius]
1461 2412 1541 2429 suum
1562 2405 1627 2428 BD
1644 2417 1653 2422 -
1671 2411 1719 2428 sex
1739 2411 1788 2428 om.
1807 2404 1835 2429 Ρ
1850 2415 1861 2421 -
1880 2403 2107 2436 praetermittens
2126 2403 2188 2429 PG

382 2505 476 2536 cupati
505 2504 579 2537 degli
607 2504 763 2528 incalzanti
791 2504 933 2537 progressi
960 2504 1005 2528 dei
1029 2504 1189 2528 Non-manni
1218 2504 1277 2528 nel-

380 2547 488 2575 l'isola;
509 2546 544 2570 cf.
565 2546 789 2575 Iun-EL-Arffln,
808 2546 880 2570 Bibl.
899 2546 1101 2575 Arabo-Sicula,
1115 2547 1174 2571 vol.
1186 2546 1208 2576 1,
1225 2545 1277 2579 488

381 2596 395 2613 e
414 2588 564 2617 NowAuu,
578 2588 652 2618 ibid„
670 2587 706 2617 Π,
727 2595 776 2620 144
796 2595 855 2620 sgg.
892 2586 993 2615 Questi
1013 2589 1138 2613 scrittori
1163 2590 1278 2621 aggiun-

380 2638 458 2663 gono
477 2631 527 2655 che
546 2631 600 2655 tali
623 2631 742 2655 rinforzi
772 2631 875 2654 furono
902 2631 1064 2655 comandati
1091 2631 1169 2663 dagli
1195 2632 1275 2655 stessi

382 2673 434 2697 due
452 2673 512 2705 figli
532 2673 577 2697 del
597 2680 641 2697 re:
660 2673 745 2706 Ajub,
767 2673 816 2697 che
830 2673 890 2697 fece
908 2673 936 2697 di
951 2672 1082 2697 Palermo
1095 2673 1117 2697 il
1131 2681 1182 2697 suo
1196 2681 1278 2705 quar-

382 2716 460 2745 tiere‚
479 2715 513 2739 ed
530 2713 590 2745 All,
611 2715 631 2738 il
651 2715 733 2747 quale
752 2722 821 2748 pose
840 2715 866 2739 le
886 2722 934 2739 sue
952 2714 1037 2739 tende
1057 2722 1072 2739 a
1091 2713 1226 2748 Girgenti
1244 2717 1277 2740 ed

382 2764 397 2780 a
418 2756 673 2789 CastrogIovanni.

470 2797 478 2813 ¹
498 2797 687 2824 Caltavuturo
707 2799 819 2831 (araboz
839 2798 1118 2832 Kalat-Abt-Thaur)‚
1146 2800 1175 2823 in
1196 2806 1277 2831 prov,

383 2841 410 2864 di
431 2840 570 2865 Palermo.

469 2880 480 2898 ²
499 2883 611 2914 Butera,
629 2884 659 2908 in
680 2891 761 2916 prov.
781 2885 809 2908 di
830 2883 1031 2908 Caltanisetta.

469 2923 479 2940 ³
500 2916 521 2949 E
541 2925 656 2950 difficile
678 2926 855 2950 identificare
875 2927 975 2957 questo
995 2926 1060 2950 sito.
1097 2925 1132 2949 Se
1157 2933 1218 2950 esso
1242 2927 1277 2950 ri-

384 2968 491 2999 sponde
511 2967 545 2992 ad
564 2968 752 2997 An-t-v-N-st,
770 2969 820 2993 che
838 2968 934 2993 Edrisi
958 2974 1031 3000 pone
1051 2968 1093 2992 sul
1119 2968 1236 2999 Simeto,
1264 2977 1279 2993 a

384 3010 434 3033 sud
455 3009 484 3033 di
503 3008 630 3039 Aderno,
650 3011 672 3034 si
689 3011 821 3042 potrebbe
836 3009 1026 3036 identificarlo
1040 3018 1093 3034 con
1107 3010 1163 3035 San
1177 3010 1279 3041 Felice,

1331 2502 1378 2535 gis⁴
1403 2503 1476 2527 altra
1496 2502 1576 2527 volta
1596 2501 1740 2526 ricordata
1760 2501 1807 2526 dal
1827 2501 1979 2526 Malaterra
1997 2508 2013 2526 e
2038 2501 2089 2526 che
2105 2502 2187 2534 gince
2211 2508 2227 2527 ι

1332 2546 1506 2578 pochissims
1525 2545 1655 2569 distanza
1675 2544 1751 2568 dalla
1772 2546 1859 2568 stessa
1879 2542 2005 2568 Adernb.

1419 2586 1430 2601 ⁴
1450 2588 1491 2612 La
1503 2587 1643 2620 battaglia
1663 2586 1694 2611 di
1707 2585 1820 2611 Cerami
1834 2594 1964 2611 avvenne
1978 2585 2136 2611 neu’estate
2151 2585 2226 2619 1063.

1332 2631 1378 2656 Ma
1392 2632 1532 2656 l'esercito
1553 2631 1638 2655 zlrita
1658 2630 1775 2655 dovette
1793 2630 1929 2662 giungere
1947 2630 1978 2654 in
1996 2628 2097 2655 Sicilia
2113 2629 2228 2654 almeno

1333 2674 1360 2697 ai
1379 2671 1505 2706 principi
1523 2672 1600 2697 dello
1619 2673 1710 2696 stesso
1730 2679 1815 2701 anno,
1835 2671 1902 2696 dato
1925 2671 1975 2695 che
1993 2670 2178 2696 l'intervento
2197 2670 2228 2695 fu

1333 2715 1428 2740 deciso
1442 2715 1478 2739 da
1496 2714 1599 2739 Temin
1619 2721 1676 2738 non
1696 2714 1788 2747 prima
1807 2713 1884 2738 della
1902 2713 1994 2737 morte
2012 2712 2058 2737 del
2075 2712 2163 2746 padre
2180 2710 2224 2744 (31

1333 2759 1432 2790 agosto
1447 2755 1536 2789 1062).
1573 2755 1619 2781 Cf.
1632 2755 1667 2781 G.
1686 2756 1830 2785 Romano,
1849 2755 1947 2787 Saggio
1965 2755 2072 2779 intorno
2087 2753 2141 2779 alh
2157 2754 2227 2779 rela-

1332 2800 1403 2824 tioni
1419 2801 1463 2823 tra
1481 2798 1587 2823 l'ltaua
1605 2798 1777 2822 meridianae
1794 2805 1808 2821 a
1828 2796 1932 2826 Tum‘st,
1950 2804 1978 2830 p.
1998 2802 2040 2828 15.

1421 2840 1431 2855 ⁶
1450 2841 1482 2865 In
1508 2848 1605 2866 mezzo
1631 2840 1689 2865 alla
1715 2840 1832 2869 vallata,
1859 2840 1932 2864 sulla
1951 2839 2034 2871 quale
2055 2839 2228 2864 lentamente

1333 2884 1495 2918 degradano
1513 2884 1555 2916 gli
1576 2884 1692 2916 opposti
1708 2882 1809 2907 fianchi
1824 2882 1899 2906 della
1911 2882 2028 2914 glogais
2040 2881 2071 2906 di
2084 2880 2200 2914 Caplnl
2212 2888 2227 2905 e

1333 2927 1361 2951 di
1376 2926 1470 2958 quella
1490 2926 1519 2951 dl
1534 2925 1653 2955 Troina,
1667 2932 1759 2950 scorre
1772 2925 1794 2949 il
1808 2926 1936 2949 torrente
1949 2924 1999 2948 che
2011 2924 2095 2956 porta
2108 2923 2129 2950 il
2143 2929 2227 2948 nome

1333 2968 1364 2993 di
1383 2968 1504 2998 Cerami‚
1525 2965 1586 2992 cosi
1605 2967 1792 2992 denominato
1819 2966 1865 2991 dal
1891 2965 2009 2991 castello
2034 2965 2084 2990 che
2108 2971 2227 2997 sorgeva

1333 3011 1378 3036 sul
1396 3011 1502 3045 pendio
1521 3010 1696 3036 occidentale
1715 3010 1789 3035 delle
1807 3010 1898 3035 alture
1917 3008 1947 3034 di
1966 3008 2086 3034 Troina.

2255 2592 2290 2611 20

2254 2799 2287 2827 ες

2253 3012 2289 3040 30
