2320 3424
112 217 164 254 [A.
184 216 282 253 1041]
490 210 560 247 DE
589 209 757 248 REBUS
786 209 964 246 GESTIS
991 209 1208 246 ROGERII
1240 210 1453 247 coM1T1s
1479 211 1595 246 ETC.
1920 210 1964 246 13

117 284 1963 297 ....................................................................................................................................................................................................

112 339 151 367 ut
172 332 352 367 fortissimi
374 332 500 365 milites
522 333 636 366 socios
659 332 863 370 animantes,
887 331 951 364 sed
975 337 1010 364 et
1031 332 1170 374 ipsimet
1193 332 1330 365 fortiter
1353 338 1508 376 agentes,
1532 333 1647 365 multis
1662 343 1704 365 ex
1721 332 1875 366 hostibus
1890 343 1970 375 pro-

57 411 60 414 »
113 387 238 425 stratis,
262 387 403 419 tandem
419 386 455 418 in
470 386 589 430 fugam
604 385 754 428 reliquos
769 383 953 423 dederunt,
970 394 1055 427 quos
1071 384 1308 427 'insequentes
1325 392 1360 418 et
1375 387 1583 429 posteriores
1599 396 1754 430 quosque
1770 386 1967 425 caedentes,

55 463 59 465 >
112 440 296 473 victoriam
320 438 552 479 obtinuerunt,
575 438 690 472 multis
711 448 754 470 ex
778 436 934 470 hostibus
956 437 992 469 in
1014 437 1153 470 flumine
1177 438 1271 481 quod
1295 439 1470 472 Olivetum
1494 440 1633 477 dicitur,
1649 439 1731 472 dum
1754 445 1969 472 transnatare

53 526 60 533 ν
114 493 269 536 cupiunt,
292 492 479 526 submersis
496 492 518 524 ¹.

48 591 90 633 ‘5
202 598 249 632 Χ.
272 617 316 624 ——
337 599 444 637 Victi,
466 600 616 632 necdum
639 604 754 631 autem
784 597 978 641 defatigati,
1002 597 1066 630 sed
1096 596 1230 638 seipsos
1260 598 1409 630 invicem
1437 600 1642 638 animantes,
1673 600 1779 633 multo
1811 600 1969 642 ampliori

54 643 59 673 .]
114 653 271 686 exercitu
294 659 508 697 congregato
521 652 544 691 ²,
567 661 635 686 uno
653 662 730 684 cum
746 652 925 688 Duceano,
942 650 999 693 qui
1016 650 1061 682 ad
1077 650 1146 682 hoc
1162 650 1206 682 ab
1221 650 1433 693 imperatore
1449 651 1832 695 Constantinopolitano
1848 653 1972 686 missus

48 741 50 743 ,
114 707 240 746 fuerat,
256 707 382 740 iterum
407 706 538 738 bellum
559 711 694 748 parant.
740 703 893 744 'Quibus
916 703 1108 736 Normanni
1131 703 1224 736 bello
1248 703 1339 736 haud
1356 715 1480 747 segnes
1492 705 1555 737 sub
1571 706 1831 749 Montepiloso'
1848 717 1970 739 occur-

59 765 62 767 ’
114 765 241 798 rentes,
256 760 392 792 fortiter
406 759 585 803 congressi
601 764 691 798 sunt,
707 758 928 791 ostendentes
943 767 979 790 se
996 756 1124 790 bellum
1141 757 1233 789 nolle
1250 758 1422 800 refugere,
1437 759 1500 790 sed
1516 759 1631 801 potius
1647 760 1743 802 quasi
1760 771 1803 792 ex
1819 760 1970 793 delecta-

114 812 210 846 tione
234 819 409 856 appetere.
455 813 495 845 In
518 814 583 846 isto
611 822 812 856 congressu,
827 811 972 844 Graecis
988 816 1110 844 contra
1127 821 1223 843 usum
1242 810 1378 843 fortiter
1393 812 1585 855 agentibus,
1602 823 1680 845 cum
1694 813 1763 856 jam
1780 813 1970 846 Normanni

44 867 92 899 Ὀ
115 866 259 910 fatigari
282 877 366 909 prae
397 866 503 898 nimia
532 866 640 899 caede
673 865 883 908 coepissent,
914 864 1110 897 Willelmus
1139 870 1328 907 quartanae
1362 864 1471 896 febris
1501 871 1585 908 typo
1616 865 1796 899 laborabat
1823 873 1857 899 et
1887 877 1971 909 prae

54 914 58 920 ’
114 919 221 952 nimia
243 920 451 957 infirmitate,
475 930 544 962 qua
567 917 799 961 premebatur,
824 917 1004 951 certamini
1027 918 1194 950 interesse
1217 927 1286 949 non
1310 923 1464 959 poterat:
1481 919 1544 950 sed
1561 919 1683 960 procul
1699 919 1826 962 jacens,
1843 920 1970 952 exitum

117 973 167 1005 rei
189 972 407 1016 expectabat.
454 972 541 1005 Cum
565 972 701 1005 videret
722 971 791 1015 jam
815 981 892 1003 suos
915 971 1027 1003 minus
1049 971 1187 1003 fortiter
1211 980 1315 1014 agere
1339 976 1374 1003 et
1389 980 1479 1013 pene
1497 971 1659 1011 deficere,
1676 972 1914 1015 indignatione
1938 980 1973 1006 et

116 1026 168 1058 ira
190 1025 407 1064 infirmitatis,
431 1036 500 1068 qua
522 1024 757 1068 premebatur,
780 1023 916 1063 oblitus,
939 1035 1035 1057 arma
1059 1023 1263 1066 corripiens,
1286 1034 1374 1062 sese,
1398 1025 1495 1067 quasi
1511 1024 1567 1057 leo
1583 1025 1800 1063 furibundus,
1824 1027 1970 1059 hostium

49 1110 55 1125 ἴ
116 1080 267 1113 medium
291 1080 400 1117 dedit,
424 1089 586 1122 suosque,
609 1078 723 1111 verbis
739 1078 983 1111 exhortatoriis
998 1087 1174 1117 recreanS,
1192 1077 1329 1111 fortiter
1345 1078 1494 1121 agendo,
1519 1078 1635 1111 hostes
1658 1078 1694 1110 in
1717 1080 1834 1123 fugam
1860 1081 1972 1118 vertit,

39 1131 92 1167 45
115 1133 204 1166 duce
228 1133 407 1171 Duceano,
431 1133 520 1165 duce
546 1133 726 1171 exercitus,
750 1132 810 1174 qui
833 1132 1000 1164 caudatus
1023 1137 1108 1170 erat,
1133 1132 1230 1175 quasi
1245 1131 1336 1164 bove
1352 1131 1552 1164 interfecto.
1601 1131 1739 1165 Viribus
1762 1133 1880 1176 itaque
1903 1134 1973 1165 suis

115 1185 312 1219 diffidentes
333 1191 369 1218 et
391 1186 552 1218 fortunae
575 1185 687 1217 minus
709 1185 906 1222 credentes,
923 1190 1037 1217 castra
1052 1194 1114 1216 sua
1129 1184 1333 1222 munientes,
1350 1183 1440 1217 ultra
1457 1185 1641 1217 decertare
1658 1195 1735 1217 cum
1753 1185 1972 1224 Normannis‚

117 1239 179 1272 nisi
203 1239 308 1272 muris
331 1239 551 1282 interpositis,
574 1249 644 1271 non
666 1238 944 1281 praesumebant,
969 1238 1032 1271 sed
1054 1248 1167 1282 neque
1190 1238 1256 1280 ipsi
1287 1238 1374 1269 muri
1406 1244 1528 1270 contra
1551 1238 1770 1272 Normannos
1803 1250 1861 1272 eos
1884 1241 1971 1272 tueri

116 1299 287 1337 poterant.
335 1293 425 1325 Nam
448 1292 580 1326 crebris
602 1292 857 1325 incursionibus
881 1302 941 1324 eos
973 1291 1192 1330 lacessentes,
1223 1292 1339 1324 vineta
1368 1297 1403 1324 et
1434 1292 1561 1324 oliveta
1592 1302 1711 1325 eorum
1742 1293 1974 1336 extirpabant,

117 1352 272 1380 armenta
295 1352 331 1379 et
351 1356 481 1389 pecora
504 1352 539 1379 et
563 1351 713 1384 caetera,
737 1357 826 1390 quae
849 1344 895 1378 ad
917 1355 1015 1378 usum
1039 1345 1236 1378 necessaria
1258 1351 1348 1384 sunt,
1371 1345 1458 1377 nihil
1482 1351 1582 1378 extra
1598 1352 1711 1379 eastra
1727 1346 1973 1390 relinquentes,

32 1394 95 1434 ¹«⁴20
117 1399 339 1444 diripiebant.
385 1400 457 1433 Sed
481 1406 516 1432 et
539 1400 616 1442 ipsa
638 1406 762 1438 castra,
786 1399 869 1442 ipsis
891 1399 981 1432 intra
1003 1399 1158 1437 reclusis,
1183 1399 1339 1432 exercitu
1369 1399 1535 1432 vallantes
1560 1400 1820 1443 oppugnabant,
1844 1401 1975 1433 machi-

36 1463 38 1466 ·
117 1453 368 1497 namenfisque,
392 1452 517 1496 quibus
540 1453 730 1486 doctissimi
754 1453 903 1486 artifices
927 1458 1038 1490 erant,
1053 1453 1099 1485 ad
1115 1453 1153 1485 id
1169 1452 1272 1485 officii
1288 1453 1463 1496 agendum
1479 1453 1685 1485 necessariis
1700 1454 1838 1495 aptatis,
1861 1465 1975 1487 muros

117 1513 152 1540 et
174 1513 286 1540 turres
308 1506 441 1540 crebris
465 1507 592 1540 ictibus
614 1506 852 1550 impingendo,
876 1506 1032 1539 funditus
1062 1505 1268 1539 diruebant:
1298 1506 1479 1548 ruptisque
1503 1507 1619 1545 muris,
1643 1507 1745 1540 aditis
1768 1507 1976 1549 patentibus,

116 1561 356 1604 irrumpente8‚
379 1562 494 1594 omnia
515 1560 580 1593 sibi
603 1560 826 1602 diripiebant.
870 1559 976 1593 Unde
992 1565 1027 1592 et
1041 1559 1176 1602 reliqua
1191 1560 1461 1603 circumquaque
1477 1566 1593 1593 castra
1608 1561 1701 1593 idem
1718 1561 1782 1594 sibi
1797 1562 1974 1594 imminere

122 1620 315 1653 cernentes,
337 1614 426 1648 ultro
449 1624 524 1647 sese
548 1613 679 1647 'eorum
704 1614 830 1646 ditioni
853 1613 1049 1647 subdebant
1061 1616 1082 1645 ⁴.

212 1734 235 1752 1.
254 1727 302 1752 sed
322 1734 373 1760 pro
393 1728 509 1760 lpsimet·
529 1727 550 1751 C
572 1739 603 1744 —
627 1733 679 1758 1-3.
698 1728 924 1760 prostratis....
943 1726 1074 1751 hostibus
1093 1734 1143 1752 om.
1162 1727 1192 1750 D
1212 1741 1243 1746 —
1262 1734 1288 1759 3.
1308 1734 1342 1751 ex
1362 1734 1410 1751 om.
1437 1728 1497 1751 ΡΑ
1524 1740 1556 1744 -
1584 1733 1607 1759 5.
1634 1726 1711 1752 Vlcti
1725 1747 1730 1752 .
1743 1745 1785 1754 ...
1813 1726 1976 1761 defatigati]

121 1769 220 1795 Nostri
239 1771 334 1794 autem
358 1770 485 1794 nondum
506 1769 620 1802 fatigati
642 1769 705 1794 BD
723 1782 733 1787 -
752 1767 916 1802 defatigati]
942 1769 1091 1801 defangati
1121 1770 1145 1793 C
1162 1783 1170 1787 -
1197 1770 1323 1794 invicem
1342 1769 1516 1803 animantes]
1538 1771 1693 1803 fatigantes
1719 1771 1785 1795 BD
1810 1784 1839 1789 —-
1868 1769 1893 1795 6.
1918 1778 1976 1794 uno

122 1819 184 1836 cum
202 1819 250 1836 ons.
270 1811 330 1836 PC
344 1825 355 1830 -
374 1812 443 1836 duce
462 1812 588 1836 Annene
605 1812 634 1836 P
649 1812 701 1842 qm·
717 1819 730 1835 e
746 1812 811 1844 gith
837 1812 924 1836 Anon
944 1812 1045 1837 BCD
1063 1812 1113 1843 qm·
1128 1819 1142 1836 e
1158 1811 1209 1843 gia
1229 1825 1261 1829 ——
1282 1817 1306 1843 7.
1326 1810 1437 1840 Quibus
1456 1820 1504 1837 om.
1526 1814 1553 1837 B
1573 1826 1604 1830 -
1625 1812 1650 1837 8.
1669 1814 1735 1837 sunt
1753 1820 1801 1837 om.
1822 1813 1919 1837 PBD
1944 1826 1976 1830 —

122 1861 148 1887 9.
167 1855 225 1879 isto
243 1861 291 1879 om.
312 1855 340 1878 P
354 1867 364 1872 -
382 1856 482 1879 contra
501 1855 579 1887 ipsos
598 1854 659 1878 PA
672 1854 696 1878 C
712 1867 745 1871 —
768 1860 808 1879 ιο.
827 1853 915 1878 febris
933 1854 1034 1878 morbo
1062 1860 1129 1887 prae
1158 1855 1182 1878 D
1210 1867 1242 1871 —
1270 1861 1310 1886 13.
1336 1854 1466 1879 hostibus
1492 1855 1551 1880 PA
1565 1856 1588 1880 C
1611 1869 1643 1873 —
1674 1860 1714 1886 ις.
1740 1855 1810 1880 duce
1836 1856 1976 1880 exercitus

75 1900 91 1928 3
121 1904 171 1922 on.
191 1896 252 1922 BD
270 1910 303 1915 —
326 1903 366 1929 ¹7·
383 1895 500 1922 eos‘om.
513 1897 584 1920 Ρ-
606 1902 694 1929 19-20.
712 1898 913 1922 armenta....
932 1896 1110 1930 dlriplebant
1128 1904 1177 1921 om.
1196 1896 1224 1921 D
1245 1909 1277 1914 —
1296 1903 1340 1921 20.
1359 1896 1413 1921 Sed
1433 1899 1462 1922 et
1480 1897 1538 1922 alla
1558 1899 1585 1922 B
1604 1912 1636 1916 —-
1658 1903 1700 1922 21.
1720 1898 1842 1922 officium
1863 1898 1925 1922 BD
1944 1911 1976 1915 -

125 1945 166 1964 2².
186 1939 278 1972 ruptis
298 1940 326 1963 P
342 1953 374 1958 -—
394 1945 484 1971 23-24.
502 1940 603 1967 castra,
622 1940 650 1963 et
669 1938 723 1963 sibi
745 1938 866 1963 invicem
887 1940 1032 1963 cernentes
1050 1938 1102 1963 cosi
1121 1940 1149 1963 P

209 2025 219 2044 ¹
239 2028 253 2042 ¹¹
263 2028 362 2053 Presso
383 2028 404 2052 il
423 2027 505 2052 fiume
518 2027 667 2058 Olivento‚
681 2027 730 2052 che
743 2029 897 2052 scaturisce
911 2029 946 2052 da
959 2027 1019 2052 Ma-
1075 2029 1089 2043 ‘'
1100 2029 1150 2060 qui
1163 2031 1337 2054 remanserat
1350 2029 1380 2053 in
1394 2029 1516 2061 proelio,
1532 2029 1628 2062 sugam
1642 2030 1787 2061 petierunt
1804 2030 1831 2053 in
1848 2030 1975 2054 Montem

124 2069 241 2095 “schito
260 2078 275 2095 e
292 2070 500 2103 Ripacandida,
520 2071 651 2102 iugi-ossa
676 2071 842 2095 riunendosi
863 2072 942 2095 sotto
967 2070 1020 2095 Ve-
1077 2070 1277 2102 “Pe1osum„;
1298 2071 1383 2100 essia,
1404 2072 1481 2103 dopo
1500 2071 1529 2095 la
1542 2071 1683 2104 battaglia
1698 2078 1794 2103 presso
1809 2071 1975 2100 l'Olivento‚

125 2111 220 2137 '‘nosa
237 2120 253 2137 e
271 2120 307 2137 va
326 2120 342 2137 a
366 2113 513 2137 scaricsrsi
541 2111 720 2137 nell'Ofanto
732 2130 756 2144 „‚
781 2113 812 2138 in
831 2112 878 2136 Da
897 2113 1020 2141 Bmsns,
1075 2113 1212 2137 Doceano
1226 2114 1249 2137 si
1265 2112 1350 2137 ritiro
1363 2121 1394 2138 su
1416 2113 1625 2146 Montepeloso.
1657 2114 1698 2138 Lo
1719 2115 1807 2138 stesso
1822 2120 1905 2138 narra
1919 2113 1975 2138 Gu-

33 2161 34 2164 ¹
65 2160 98 2179 xo
122 2154 334 2181 mmo-mim
347 2155 469 2188 pagum
487 2156 545 2183 cit..
566 2155 624 2180 vol.
642 2155 664 2185 Ι,
683 2162 746 2188 pag.
769 2160 827 2188 154.
1076 2162 1207 2181 cunno
1226 2162 1258 2180 DI
1276 2156 1399 2185 Poena,
1418 2156 1440 2185 Ι,
1460 2163 1564 2189 293-94.
1602 2155 1671 2186 Ora,
1696 2155 1797 2188 poiche
1823 2157 1850 2180 la
1869 2158 1943 2180 terzs
1963 2164 1977 2180 e

212 2198 297 2224 Gon„
316 2199 414 2228 Aput„
434 2198 455 2228 Ι,
475 2197 590 2231 289-90:
1076 2199 1204 2224 decisiva
1223 2199 1365 2232 battaglia
1380 2200 1409 2224 fu
1422 2200 1603 2224 combattuta
1618 2207 1715 2232 presso
1729 2200 1930 2232 Montepeloso
1943 2199 1976 2224 ed

1077 2249 1093 2266 a
1111 2241 1196 2266 breve
1215 2241 1373 2267 intervallo
1393 2241 1470 2267 dalla
1491 2243 1620 2270 seconda,
1642 2242 1663 2266 il
1684 2242 1721 2266 M.
1742 2243 1837 2267 riduce
1856 2249 1873 2267 a
1895 2241 1948 2266 due
1970 2243 1976 2265 i

1076 2285 1120 2308 tre
1140 2284 1208 2308 fatti
1227 2283 1328 2309 d’armi
1350 2284 1424 2309 delle
1443 2285 1516 2309 altre
1535 2284 1622 2309 sonti.

1166 2325 1246 2351 Sulla
1266 2333 1335 2356 resa,
1356 2328 1516 2359 spontanea
1536 2334 1554 2351 o
1575 2327 1694 2355 forzata,
1715 2326 1743 2350 di
1765 2326 1836 2351 altre
1855 2328 1928 2350 terre
1948 2326 1976 2350 di

212 2365 224 2384 ²
242 2367 349 2393 Allude
369 2367 445 2392 forse
464 2368 521 2392 alla
541 2375 674 2400 presenza
687 2368 717 2392 di
732 2369 912 2401 contingenti
928 2369 1023 2399 Russt,
1077 2367 1190 2401 Puglia,
1210 2369 1332 2400 Auno,
1351 2369 1385 2399 11,
1400 2375 1447 2401 27:
1464 2369 1478 2383 ¹‘
1488 2371 1514 2394 et
1530 2371 1625 2394 toutes
1640 2370 1679 2393 les
1693 2366 1762 2393 cite's
1777 2369 1882 2393 d’eluec
1896 2370 1979 2393 entor

39 2411 41 2414 ”
67 2414 99 2442 15
125 2410 221 2442 Traci,
235 2410 365 2439 Anatoli,
383 2417 449 2440 ecc„
468 2410 542 2435 oltre
561 2410 648 2443 quelli
670 2411 773 2436 sornitl
792 2411 840 2436 dai
861 2411 948 2437 themi
970 2413 1023 2437 ita-
1080 2410 1354 2443 “constreignoient
1371 2412 1421 2443 qui
1440 2412 1566 2436 estoient
1585 2408 1601 2435 a
1621 2411 1665 2435 lor
1684 2411 1938 2439 commandement,
1951 2411 1979 2434 et

126 2453 210 2479 unni.
1081 2453 1094 2467 ¹‘
1106 2451 1122 2477 ἢ
1142 2453 1169 2477 la
1189 2461 1294 2487 rayson
1313 2455 1342 2478 et
1362 2455 1468 2478 statute
1487 2461 1541 2485 que
1561 2454 1685 2478 estoient
1704 2453 1766 2477 ensi
1780 2453 1862 2477 alcun
1879 2453 1979 2477 volun-

214 2492 226 2509 ³
245 2494 462 2527 Montepeloso:
481 2502 496 2527 3
518 2495 667 2520 settembre
690 2502 764 2528 104¹.
803 2495 850 2521 Cf.
870 2496 970 2521 Axon.
990 2497 1023 2521 ed
1081 2493 1258 2520 “tairement
1279 2503 1307 2520 se
1326 2497 1542 2524 soumettoient,
1562 2497 1590 2520 et
1609 2495 1693 2520 alcun
1708 2494 1741 2519 de
1756 2494 1841 2522 force,
1855 2496 1883 2519 et
1897 2495 1979 2518 alcun

126 2536 198 2561 Am.
217 2536 294 2566 Bar„
311 2536 390 2566 {Md-3
411 2536 532 2566 AuAro,
552 2537 585 2567 11,
611 2542 659 2569 25;
679 2537 742 2562 Lao
762 2537 895 2570 Osnmz„
921 2538 954 2568 ΙΙ,
978 2537 1024 2567 66;
1082 2537 1236 2571 “paioient
1255 2538 1347 2562 tribut
1366 2539 1400 2562 de
1420 2538 1565 2562 denariers
1584 2537 1706 2561 chascun
1726 2543 1804 2567 an„;
1826 2536 1980 2565 Cnmumo,

128 2578 213 2605 Guu..
233 2579 333 2608 Aput„
350 2578 372 2608 Ῑ,
391 2585 444 2612 250
461 2586 522 2612 sgg.
541 2578 692 2610 Canauna,
710 2579 745 2609 Π,
765 2588 792 2613 p.
807 2586 866 2614 547,
879 2581 1025 2609 von-ebbe,
1080 2580 1113 2611 11,
1134 2585 1195 2613 547,
1213 2579 1229 2605 ὲ
1247 2580 1298 2613 piu
1318 2581 1606 2614 particolareggiato:
1625 2577 1672 2605 καὶ
1691 2578 1791 2605 λοιπὸν
1809 2577 1837 2604 οἱ
1855 2578 1982 2612 Φραγγοι

37 2617 48 2653 ,’
69 2623 104 2644 zo
129 2623 236 2650 lnvece,
250 2622 300 2646 che
314 2621 341 2646 la
354 2621 495 2654 battaglla
508 2622 583 2647 fosse
597 2624 739 2648 avvenuta
753 2630 849 2656 presso
864 2623 1025 2657 Monopoli.
1080 2623 1130 2655 τῆς
1142 2620 1263 2654 'Italiac
1282 2621 1321 2654 ὡς
1340 2621 1518 2655 δορυκτήτου
1537 2620 1737 2648 ἀντεποιοῦντο
1756 2619 1906 2655 κτήματος,
1925 2620 1982 2646 τῶν

23 2662 52 2694 'sp
101 2663 166 2692 &Su
190 2664 283 2696 questi
303 2663 369 2689 fatti
389 2663 488 2688 d'srmi
516 2664 551 2689 cf.
573 2664 775 2694 Hermam,
796 2665 950 2690 Gaescluchte
967 2666 1026 2696 cit„
1080 2662 1224 2698 ἔγχωριων
1245 2662 1286 2691 ὧν
1311 2663 1362 2698 μὲν
1380 2663 1516 2696 ἑκουσίως
1535 2662 1575 2690 ὧν
1592 2662 1625 2689 δὲ
1644 2661 1693 2697 βίᾳ
1713 2661 1762 2690 καὶ
1780 2661 1890 2697 ἀνάγκη
1912 2670 1980 2696 προ-

42 2704 52 2718 ³>
129 2713 157 2740 p.
182 2705 216 2731 86
241 2713 320 2739 sgg.;
346 2706 466 2735 l-lmscu,
492 2707 605 2738 Forsch„
631 2706 705 2737 vm,
730 2706 798 2739 265;
826 2707 924 2737 Busr,
953 2708 1027 2739 ibid„
1081 2705 1268 2740 σχωρούντων
1280 2706 1385 2739 αὐτοῖς,
1398 2705 1472 2740 πλὴν
1485 2704 1653 2740 βρεντησίου
1666 2704 1714 2731 καὶ
1733 2704 1879 2738 Τάραντός
1891 2713 1921 2732 τε
1934 2703 1982 2732 καὶ

356 2284 360 2288 .
390 2283 395 2289 .
425 2269 504 2289 Plures
518 2268 541 2289 in
556 2268 650 2289 flumine
665 2274 750 2289 mersos

283 2301 369 2323 Alveu·
383 2302 488 2327 involvit,
502 2307 570 2327 quam
586 2302 652 2323 morti
666 2301 766 2323 traderet
780 2303 842 2323 ensis

130 2748 232 2777 xxlv‚
252 2754 314 2781 2²9·
1082 2747 1207 2782 Βάρεως·
1220 2748 1303 2776 abrai.
1315 2748 1371 2782 γὰρ
1389 2748 1419 2775 αἱ
1437 2748 1571 2781 τέσσαρες
1590 2746 1684 2778 πόλεις
1703 2746 1874 2781 παρέμειναν
1892 2747 1983 2774 πίστιν

20 2819 21 2824 ¹
45 2815 47 2818 ,
219 2789 231 2805 ⁴
251 2790 307 2815 Tre
327 2790 429 2815 turono
449 2791 475 2815 le
500 2791 638 2824 battnglie
662 2792 838 2816 combattute
863 2793 894 2817 ln
913 2791 1027 2825 Pugna:
1081 2790 1235 2825 Ῥωμαίοις
1254 2790 1455 2825 φυλάττουσαι.

17 2828 39 2862 ,f
71 2838 103 2865 ²5
131 2832 159 2857 la
177 2831 270 2865 prims
288 2839 385 2865 presso
403 2831 427 2856 11
446 2832 528 2858 fiume
546 2831 703 2863 Olivento;
730 2833 757 2858 la
783 2834 906 2858 secunda
931 2840 1028 2867 presso
1170 2834 1300 2860 Secundo
1327 2835 1348 2859 ll
1374 2834 1422 2863 M..
1449 2834 1471 2858 ll
1498 2833 1687 2858 comandante
1712 2833 1786 2857 delle
1811 2835 1913 2867 truppe
1941 2834 1981 2858 bi-

131 2873 385 2907 Montenngglore,
404 2873 582 2900 sull‘Ofsnto
601 2875 629 2906 (4
642 2873 784 2908 magglo);
798 2875 826 2900 ln
839 2877 918 2900 terza
931 2883 1028 2908 presso
1082 2878 1196 2902 zantine
1216 2877 1246 2902 {u
1266 2877 1402 2902 Doceano
1422 2874 1510 2909 (essia
1537 2875 1558 2899 il
1579 2874 1729 2907 Catapsno
1753 2875 1911 2908 Docesno),
1938 2883 1982 2901 ma

131 2915 330 2949 Montepeloso
349 2915 509 2948 (settembre
531 2916 620 2948 10⁴1)·
657 2917 679 2942 11
699 2916 853 2942 Malaterra
873 2925 931 2943 non
952 2925 1029 2943 men·
1083 2919 1109 2943 le
1127 2918 1200 2943 altre
1221 2919 1296 2944 fonti
1317 2918 1552 2943 concordemente
1573 2917 1765 2942 menzionano
1791 2917 1982 2949 Boglovanni,

131 2959 216 2983 :lons
229 2958 257 2983 la
275 2958 406 2983 secondo..
443 2958 485 2983 Ed
503 2959 605 2984 lnvero
625 2958 747 2984 l’Axon.
766 2959 882 2985 Bima
901 2959 1030 2986 riferisce
1084 2959 1164 2985 “l’ex
1190 2962 1348 2993 augusto„
1374 2959 1454 2992 figlio
1481 2960 1511 2984 di
1537 2959 1646 2983 Basilio
1674 2959 1867 2991 Boglovanni,
1892 2960 1983 2985 ch’era

133 3000 170 3025 ad
186 3007 250 3026 ann.
262 3006 339 3031 1041»
354 3000 438 3034 “lpse
450 3007 518 3026 vero
531 3000 679 3026 Dulklano
693 3009 756 3026 cum
770 3001 883 3033 reliquo
895 3002 1029 3031 exercltu,
1084 3004 1160 3027 stato
1181 3002 1201 3027 il
1222 3002 1369 3028 fortunato
1391 3003 1536 3026 vincitore
1556 3002 1584 3026 di
1606 3000 1691 3025 Melo.

2004 2037 2038 2062 30

2006 2253 2037 2279 35

2007 2462 2042 2487 40

2009 2675 2040 2702 45

2012 2885 2046 2910 50

2049 1627 2077 1649 Α,

2092 1627 2127 1646 δν
