2320 3424
192 685 214 709 C,
231 691 276 705 nv

184 901 213 923 D.
228 906 275 923 φρει

203 1113 230 1136 Β,

245 1113 279 1132 8¹1

929 226 1201 263 GAUFREDI
1230 222 1613 260 MALATERRAE
1890 228 1974 264 [ΑΛ.
1995 227 2191 263 loeo—10⁶1]

348 362 386 388 ut
408 364 544 398 semper
567 353 789 386 astutissimus
813 356 848 383 et
867 350 990 382 militia
1014 348 1154 386 callens,
1177 347 1287 390 primo
1311 346 1434 379 timore
1465 345 1634 384 simulato,
1666 355 1745 378 cum
1776 356 1835 379 eos
1865 346 2001 390 longius
2031 344 2074 378 ab
2104 345 2191 378 urbe

347 408 547 445 seduxisset,
563 407 696 449 impetu
713 406 819 443 facto,
836 403 1004 436 acerrime
1020 412 1123 444 super
1140 411 1200 433 eos
1215 401 1359 439 irruens,
1375 400 1411 431 in
1426 399 1546 443 fugam
1561 399 1675 432 vertit.
1711 398 1839 443 Sicque
1851 405 2025 432 extremos
2037 408 2192 443 quosque

349 461 515 498 cedendo,
538 469 646 502 usque
668 459 705 490 in
728 463 865 500 portam
889 456 1040 489 civitatis
1063 455 1167 497 longo
1189 454 1307 486 reditu
1320 451 1546 496 fugientibus,
1562 452 1637 485 visu
1652 451 1775 486 odibili
1790 453 2027 492 comminator,
2043 452 2191 485 reduxit.

348 514 475 557 Spoliis
496 514 613 559 itaque
637 518 672 545 et
695 511 793 554 equis
817 510 952 542 illorum
977 519 1062 552 quos
1086 508 1262 552 dejecerat
1278 506 1445 549 acceptis,
1460 515 1570 550 naves
1589 516 1668 538 suas
1682 506 1866 550 ingressus,
1881 506 2034 550 Regium
2050 510 2191 544 remeat,

347 569 392 600 ad
416 568 539 600 ducem
562 566 706 598 fratrem
730 575 838 597 suum.

438 673 482 705 ΙΙ.
507 694 547 698 -
571 673 650 704 Dux
673 671 801 704 deinde
823 669 998 703 Robertus
1023 679 1099 701 cum
1124 668 1250 701 comite
1273 666 1430 710 Rogerio
1454 667 1562 699 fratre
1585 677 1647 699 suo
1670 667 1705 699 in
1729 665 1891 709 Apuliam
1905 667 2115 700 hiematurus
2137 677 2191 698 re-

350 737 466 759 versus
490 732 555 759 est:
579 725 650 764 ubi,
674 725 755 768 quia
776 724 844 767 jam
869 723 1117 766 aliquantulum
1141 721 1306 764 temporis
1329 720 1522 759 transierat,
1539 731 1582 752 ex
1598 730 1666 764 quo
1683 719 1811 753 abinde
1827 725 2028 759 recesserat,
2044 730 2100 753 res
2114 730 2192 754 suas

348 781 444 823 quasi
468 779 512 812 ab
536 778 694 812 omnibus
716 787 790 810 esse
813 778 926 809 laesas
949 783 983 808 et
1005 776 1117 808 minus
1140 774 1318 807 ordinatas
1340 774 1521 806 inveniens
1535 772 1556 814 ¹,
1579 779 1650 806 tota
1672 773 1786 806 hieme
1817 773 1962 806 consilio
1992 773 2194 816 prudentiae

347 844 428 866 suae
450 833 652 870 resarciens,
676 833 720 864 ad
751 831 921 874 integrum
945 830 1129 872 reparavit.
1175 828 1452 871 Apuliensesque
1474 828 1663 870 principes,
1694 827 1739 860 de
1769 837 1859 860 novo
1889 827 2017 860 ducatu
2046 832 2194 870 accepto

349 887 427 920 sibi'
451 886 722 930 congaudentes,
745 884 899 928 pluribus
922 885 1065 922 donans,
1090 883 1134 916 de
1158 882 1379 925 expeditione
1401 890 1520 914 versus
1537 880 1693 914 Siciliam
1709 881 1747 913 in
1762 881 1920 924 proxima
1935 881 2052 913 futura
2066 885 2194 913 aestate

349 941 514 974 facienda
536 940 739 983 permonuit.

437 1048 499 1081 111.
523 1065 564 1071 —
587 1047 762 1090 Rogerius
783 1055 866 1078 vero
891 1055 1018 1085 comes,
1041 1045 1130 1077 duce
1154 1043 1276 1077 relicto
1299 1043 1334 1075 in
1357 1042 1498 1085 Apulia,
1521 1042 1672 1086 Regium
1695 1042 1732 1075 in
1763 1042 1874 1085 prima
1895 1042 2086 1085 septimana
2114 1046 2194 1075 ante

353 1100 651 1145 quadragesimam
675 1098 843 1132 remeavit
855 1097 877 1138 ²,
902 1097 960 1130 'ad
985 1108 1085 1140 quem
1116 1096 1295 1134 Betumen,
1319 1095 1530 1128 admiraldus
1554 1095 1705 1134 Siciliae,
1737 1107 1757 1128 a
1787 1095 2011 1134 Belcamedo‚
2042 1094 2193 1139 quodam

347 1154 517 1198 principe,
541 1153 675 1196 proelio
698 1153 848 1195 fugatus,
874 1162 915 1184 eo
940 1151 1032 1195 quod
1055 1151 1212 1183 maritum
1229 1150 1356 1183 sororis
1372 1160 1464 1188 suae,
1481 1150 1662 1182 honestum
1679 1160 1761 1182 suae
1777 1149 1890 1192 gentis
1903 1148 2076 1192 juvenem,
2090 1157 2195 1185 voca·-

350 1208 430 1241 bulo
453 1206 705 1240 Benneclerum
728 1204 906 1238 occiderat
918 1204 941 1243 ³,
965 1205 1059 1247 apud
1082 1204 1234 1246 Regium
1258 1203 1437 1247 profugus,
1453 1203 1558 1243 venit,
1575 1202 1734 1236 comitem
1759 1212 1878 1235 versus
1900 1201 2194 1247 impugnationem

351 1261 490 1295 Siciliae
514 1260 628 1293 multis
651 1258 945 1292 exhortationibus
969 1258 1135 1292 excitans.

437 1372 497 1405 IV.
522 1389 562 1395 -
585 1372 639 1404 De
662 1371 758 1403 cuius
781 1370 935 1402 adventu
959 1379 1076 1402 comes
1100 1379 1170 1402 non
1193 1368 1374 1400 minimum
1398 1368 1547 1412 gavisus,
1571 1378 1648 1400 eum
1665 1367 1856 1400 honorifice
1873 1366 2037 1409 suscepit,
2051 1366 2196 1410 eiusque

349 1426 506 1465 consilio,
530 1426 679 1458 necdum
701 1425 817 1456 hieme
839 1430 1024 1463 transacta,
1047 1422 1269 1456 hebdomada
1292 1421 1458 1455 videlicet
1480 1422 1637 1465 proxima
1668 1427 1749 1454 ante
1781 1420 2090 1465 quadragesimam,
2118 1430 2197 1453 cum

350 1486 489 1514 centum
512 1479 691 1522 sexaginta
713 1477 891 1517 militibus,
913 1477 1023 1520 ipsum
1047 1477 1216 1510 Betumen
1244 1487 1371 1519 secum,
1405 1486 1448 1508 eo
1479 1475 1574 1518 quod
1604 1475 1751 1518 patriam
1781 1474 1925 1514 sciebat,
1956 1474 2100 1514 ducens,
2129 1473 2197 1506 Fa-

351 1544 494 1578 rumque
517 1532 562 1566 ad
579 1531 762 1566 Clibanum
778 1531 969 1574 tegularum
994 1531 1175 1569 transiens,
1200 1528 1355 1563 Siciliam
1379 1529 1514 1562 invadit
1525 1529 1548 1562 ⁴.

351 1587 596 1630 transfugerat,
621 1586 777 1622 ductore,
801 1595 921 1616 versus
943 1584 1133 1616 Melacium
1156 1584 1359 1626 praedatum
1383 1582 1503 1621 iturus,
1527 1583 1571 1615 de
1602 1587 1716 1624 nocte,
1747 1582 1842 1614 haud
1871 1581 1977 1624 longe
2007 1592 2028 1614 a
2057 1579 2197 1614 civitate

352 1641 533 1674 Messanae
555 1639 725 1678 transiret,
749 1638 888 1671 obvium
912 1637 1032 1670 habuit
1055 1637 1230 1681 quendam
1253 1646 1485 1676 sarracenum,
1509 1635 1630 1668 militia
1660 1635 1751 1668 inter
1773 1646 1851 1668 suos
1877 1634 2196 1674 nominatissimum,

351 1695 493 1726 fratrem
517 1693 652 1726 scilicet
668 1691 886 1730 Bennecleri‚
903 1702 966 1734 pro
983 1691 1081 1724 cuius
1097 1691 1280 1723 occasione
1298 1689 1469 1723 Betumen
1483 1701 1504 1722 a
1520 1689 1640 1722 Sicilia
1656 1689 1790 1734 ejectus
1805 1689 1930 1722 fuerat.
1976 1687 2045 1721 Hic
2059 1697 2197 1731 nempe,

352 1759 430 1780 cum
452 1748 489 1780 in
512 1745 734 1790 praecedenti
757 1755 901 1788 vespere
924 1744 1151 1787 persensisset
1174 1743 1338 1777 comitem
1363 1749 1493 1776 armata
1514 1754 1617 1776 manu
1641 1742 1798 1776 Siciliam
1812 1742 1968 1781 intrasse,
1991 1740 2116 1774 militia
2136 1751 2199 1774 sua

2221 879 2260 912 ιο
2284 915 2291 930 Ι,

2221 1199 2260 1233 15
2300 1183 2305 1255 ἰ

1595 1528 1762 1572 Dumque,
1786 1527 1987 1566 Betumene,
2010 1526 2070 1571 qui
2091 1525 2137 1560 ad
2159 1537 2197 1560 se
2220 1526 2264 1560 20

307 1835 309 1837 ,
351 1802 429 1845 plus
450 1800 646 1834 necessario
669 1808 901 1842 praesumens,
925 1809 945 1831 a
967 1799 1132 1831 Messana
1154 1808 1356 1842 progressus
1379 1803 1566 1830 nocturnus
1589 1796 1705 1839 hostis,
1735 1802 1774 1829 ut
1796 1795 1862 1828 sibi
1884 1795 2026 1839 aliquod
2048 1794 2198 1828 militare
2220 1792 2263 1827 25

302 2347 332 2364 10

303 2561 330 2586 ¹5

303 2770 336 2787 20

306 2979 337 3005 ²5

443 1922 467 1947 3.
486 1915 550 1938 visu
569 1913 688 1938 odibilis
707 1914 734 1937 P
746 1912 769 1936 C
785 1925 817 1929 —
837 1920 861 1944 4.
881 1913 1039 1944 ingressum
1058 1911 1084 1935 P
1100 1925 1132 1928 —
1152 1910 1204 1944 6-7.
1230 1918 1371 1943 regressus
1390 1910 1447 1936 PC
1465 1924 1498 1927 —
1518 1909 1542 1934 8,
1562 1910 1677 1942 quasi..
1690 1926 1714 1934 ..
1734 1906 1895 1941 inveniens]
1913 1909 1993 1940 quasi
2013 1907 2048 1932 ab
2067 1907 2197 1933 acumine

356 1958 471 1983 obtusas
490 1959 517 1981 et
537 1958 629 1981 minus
648 1956 787 1980 ordinans
805 1954 864 1978 PC
880 1967 913 1973 --
932 1962 958 1988 9.
977 1951 1142 1987 resarciens]
1163 1953 1315 1978 refortiens
1333 1953 1360 1976 P
1375 1966 1408 1970 —
1429 1959 1504 1985 9-10.
1530 1952 1565 1976 de
1590 1952 1703 1976 noviter
1728 1952 1832 1984 adepto
1857 1950 1962 1975 ducatu
1987 1949 2043 1975 sibi
2066 1949 2117 1975 coe)
2141 1948 2201 1974 PC

354 2014 387 2018 -
408 2007 449 2024 11.
468 1999 621 2032 permeruit
638 1999 664 2022 B
684 2011 716 2015 —
739 2004 778 2029 13.
797 1997 935 2021 Becumen
954 2004 968 2020 e
986 1997 1175 2021 Bethumenus
1188 2004 1201 2020 o
1214 1995 1391 2020 Bittuminus
1411 1996 1452 2024 P;
1472 1995 1659 2019 Vultuminus
1683 2002 1697 2018 ι
1715 1993 1920 2018 Vulthumlnus
1947 1994 1988 2021 B;
2014 1992 2146 2017 Bettlnus
2169 1992 2200 2016 D

355 2044 405 2074 qut
420 2050 434 2066 e
451 2044 562 2074 sempre,
580 2040 661 2065 anche
686 2041 732 2065 nei
751 2041 808 2064 castv
829 2039 960 2070 obliqus'-
985 2039 1148 2063 Belehamet
1171 2047 1185 2063 e
1209 2038 1375 2063 Belcamuer
1399 2037 1597 2067 P;1311cavet
1616 2038 1659 2067 D,
1683 2036 1850 2060 Belcamedo
1874 2036 1913 2066 Β·
1939 2035 1974 2060 ab
1998 2034 2150 2060 Elcamedo
2179 2034 2204 2060 C

356 2099 389 2103 —
411 2073 450 2117 1⁵5.
469 2084 647 2109 Beneclerum
666 2090 679 2107 e
697 2082 945 2107 Benemenclerum
966 2082 1036 2112 BD,
1054 2082 1326 2106 indam-tamem—
1349 2080 1388 2105 16.
1410 2081 1534 2105 incitans
1553 2079 1580 2104 P
1595 2093 1627 2097 ——
1650 2086 1690 2112 19.
1710 2086 1763 2103 eo.
1790 2095 1815 2103 ..
1835 2078 1942 2103 sciebat
1959 2085 2009 2102 om.
2023 2076 2086 2102 PC
2102 2089 2135 2095 —-
2155 2082 2198 2102 zo.

356 2127 478 2153 Clibana
496 2127 551 2153 ΡΟ
567 2140 600 2144 -
620 2132 662 2150 21.
681 2125 828 2151 Milacium
849 2125 939 2149 BD·
959 2124 1124 2157 praedatum
1143 2131 1191 2148 om.
1212 2123 1240 2148 P

444 2215 454 2232 ¹
472 2215 510 2240 Su
529 2216 637 2247 quanto
655 2214 677 2239 il
698 2214 734 2238 M.
761 2214 831 2243 dice,
857 2214 947 2238 molto
973 2214 1191 2243 concisamente,
1218 2214 1247 2236 in
1301 2218 1342 2243 iu,
1360 2215 1393 2244 op
1419 2213 1472 2242 cit„
1490 2211 1538 2241 111,
1558 2218 1571 2244 5
1577 2215 1607 2243 55
1622 2218 1691 2244 sgg„
1705 2219 1719 2235 e
1737 2211 1782 2236 dei
1802 2210 1896 2235 codici
1910 2207 1961 2242 pii:
1973 2208 2148 2240 autorevou,
2161 2208 2200 2233 ho

357 2260 456 2291 questo
482 2257 610 2290 capitolo
630 2257 719 2281 siamo
737 2257 808 2281 bene
827 2256 978 2280 informati
992 2256 1029 2281 da
1042 2255 1163 2286 AMATo,
1177 2254 1210 2284 V,
1225 2262 1250 2286 4,
1306 2255 1446 2278 accettato
1465 2253 1492 2277 le
1510 2253 1615 2277 lezioni
1636 2253 1686 2277 che
1703 2252 1741 2276 ho
1760 2252 1878 2276 creduto
1898 2251 2036 2283 migliori.
2072 2249 2119 2275 Ad
2132 2248 2203 2282 ogul

357 2299 373 2324 6
392 2308 406 2324 e
426 2305 451 2331 7,
469 2307 483 2323 e
502 2299 549 2323 dal
572 2298 668 2323 Clu-on.
686 2298 761 2322 breve
778 2297 869 2326 Nora,
887 2298 924 2321 ad
940 2305 1003 2321 ann.
1026 2297 1101 2322 1061.

445 2339 456 2356 ²
474 2340 611 2365 Tenendo
627 2340 751 2373 presenti
766 2339 793 2363 le
805 2339 878 2363 altre
892 2339 967 2363 fonti
982 2339 1105 2364 storiche
1119 2346 1250 2363 norman-

358 2390 400 2414 ne,
420 2381 435 2408 e
456 2383 540 2407 facile
559 2389 721 2414 correggere
739 2382 780 2414 gli
795 2382 883 2405 errori
898 2381 928 2405 di
942 2382 1115 2413 cronologia
1128 2381 1178 2406 che
1196 2382 1252 2405 tro-

358 2427 454 2450 viamo
472 2425 518 2449 nel
536 2426 612 2449 testo
637 2424 848 2448 malaterriano.
885 2421 984 2447 Sicche
1004 2423 1153 2447 abbiamo:
1177 2428 1252 2455 1059,

359 2467 460 2492 caduta
479 2467 507 2491 di
527 2467 637 2499 Regglo
657 2474 671 2490 e
690 2466 908 2490 sottomissione
927 2465 1076 2490 definitiva
1097 2465 1173 2490 della
1199 2464 1254 2489 Ca-

360 2510 463 2538 labria:
481 2508 574 2534 1060e
591 2509 677 2541 primi
697 2509 764 2533 mesi
785 2508 828 2532 del
851 2506 926 2538 1061,
947 2508 1109 2532 incursione
1129 2508 1156 2532 cli
1177 2507 1254 2540 Rug-

359 2553 439 2584 giero
459 2558 491 2575 su
509 2551 642 2582 Messina,
660 2557 675 2575 e
688 2557 844 2583 campagna
858 2549 887 2573 di
901 2549 1012 2581 Pugna,
1026 2550 1075 2574 che
1087 2548 1102 2574 e
1116 2549 1253 2574 condotta

361 2593 396 2617 da
420 2593 559 2617 entrambi
585 2593 596 2617 1
622 2592 729 2616 fratelli
756 2591 790 2616 ed
814 2592 851 2616 ha
875 2592 995 2615 termine
1014 2599 1069 2616 con
1094 2592 1121 2616 la
1143 2599 1205 2616 resa
1224 2592 1254 2616 di

362 2635 462 2664 Troia;
493 2634 567 2663 1061,
591 2636 741 2659 trattative
766 2634 811 2658 del
837 2636 921 2658 conte
946 2633 1090 2666 Ruggiero
1116 2642 1168 2658 con
1191 2634 1254 2659 ibn·

362 2678 484 2702 Thimna
510 2685 523 2701 e
551 2678 639 2701 inizio
665 2677 739 2701 della
766 2684 830 2700 vera
853 2676 1019 2709 spedizione
1045 2676 1188 2701 sieiliana.
1225 2676 1255 2700 Si

363 2720 425 2744 noti
445 2727 522 2743 come
538 2719 582 2742 nel
600 2718 664 2743 1061
679 2719 707 2742 la
720 2718 878 2750 quaresima
898 2717 1083 2742 cominciasse
1103 2718 1124 2742 il
1146 2717 1178 2742 28
1199 2719 1255 2742 seb-

361 2762 456 2790 bralo:
476 2763 506 2786 in
526 2768 716 2793 eonseguenza
735 2761 758 2785 il
778 2759 870 2785 Conte
885 2758 957 2784 dove
971 2760 1014 2783 sar
1028 2761 1140 2784 ritorno
1154 2767 1170 2783 a
1183 2760 1255 2792 Reg-

363 2805 412 2835 gio
432 2803 473 2827 fra
494 2802 515 2827 il
537 2803 568 2828 18
587 2803 620 2827 ed
642 2803 662 2826 il
683 2809 714 2835 25
735 2803 763 2827 di
786 2802 921 2826 febbraio.

451 2844 462 2861 ³
480 2845 614 2869 Parecchi
634 2846 662 2869 di
683 2845 777 2877 questi
799 2845 877 2868 nomi
903 2844 980 2868 arabi
1008 2845 1038 2867 in
1065 2845 1141 2868 veste
1166 2844 1256 2868 latina

366 2895 436 2911 sono
460 2888 529 2912 stati
554 2887 691 2919 storplati
710 2887 787 2920 dagli
812 2888 976 2911 amanuensi
1007 2894 1021 2910 e
1047 2886 1123 2918 dagli
1150 2886 1257 2910 editori

365 2930 440 2953 della
450 2929 579 2954 Cronaca
592 2929 800 2958 malaterriana,
814 2937 829 2953 a
842 2929 1019 2961 prescindere
1032 2928 1108 2952 dalla
1122 2927 1257 2953 difficolta

365 2973 452 2996 stessa
470 2972 632 2996 incontrata
652 2971 698 2995 dal
712 2971 750 2995 M.
764 2971 809 2995 nel
823 2970 991 2996 latiuizzare
1005 2971 1071 2994 voci
1091 2978 1105 2994 a
1126 2971 1167 2994 lui
1186 2978 1258 3003 poco

365 3013 509 3039 familiari.
541 3013 710 3038 Facendomi
726 3011 793 3046 pero
808 3013 882 3038 forte
895 3009 1089 3038 dell'autorita
1103 3011 1259 3037 dell’AMA-

1306 2296 1391 2321 modo
1411 2297 1434 2320 si
1456 2297 1541 2328 tenga
1559 2296 1688 2328 presente
1707 2295 1757 2319 che
1776 2295 1911 2319 Betumen
1937 2292 2075 2325 risponde
2099 2299 2116 2316 a
2137 2291 2202 2316 nm-

1305 2338 1438 2367 Thimna,
1462 2339 1553 2362 emiro
1578 2337 1606 2362 di
1632 2336 1764 2361 siracusa
1788 2343 1802 2360 e
1827 2336 1857 2360 di
1884 2335 2007 2360 catania
2031 2342 2047 2359 e
2071 2334 2147 2359 forse
2171 2333 2201 2358 di

1306 2381 1446 2410 Palermo,
1465 2387 1480 2404 e
1494 2378 1642 2404 'Belcamet
1661 2386 1676 2403 a
1695 2379 1900 2403 Ibn-Hawwas.

1394 2422 1433 2447 Le
1451 2422 1590 2447 cronache
1617 2422 1711 2446 arabe:
1738 2421 1962 2449 Issen-Aram,
1976 2421 2006 2444 in
2026 2420 2142 2448 Anam,
2153 2419 2202 2444 Bt-

1305 2466 1413 2490 blioteca
1425 2465 1629 2495 Arabo-Sicula,
1641 2464 1663 2493 1,
1677 2463 2001 2497 ²7⁵³IBN-AB1-D1NAR2
2013 2463 2088 2492 thia..
2100 2462 2122 2491 1,
2135 2467 2203 2494 5333

1306 2509 1456 2537 Nowanu,
1476 2507 1548 2536 ibid„
1567 2506 1602 2537 H,
1622 2512 1669 2539 373
1682 2505 1908 2536 Ian-Knanmm,
1927 2505 2002 2534 ibid„
2015 2505 2050 2535 11,
2063 2510 2124 2534 202,
2136 2507 2203 2528 con-

1307 2551 1435 2575 sermano
1455 2552 1486 2575 in
1505 2550 1635 2582 generale
1654 2549 1749 2581 quello
1769 2549 1819 2573 che
1838 2549 1887 2581 qui
1907 2547 2036 2572 riferisce
2054 2547 2077 2572 11
2091 2547 2129 2572 Μ.
2165 2547 2203 2571 Vl

1307 2593 1321 2618 ὲ
1340 2592 1408 2627 ρει-ὸ
1429 2593 1547 2625 qualche
1567 2593 1641 2617 lieve
1660 2592 1776 2616 divario
1802 2593 1849 2615 nei
1873 2590 2056 2623 particolari;
2081 2597 2131 2622 per
2154 2596 2202 2621 eu,

1308 2635 1549 2660 l‘abboccamento
1568 2634 1785 2659 d’Ibn-Thimna
1803 2641 1857 2658 con
1879 2633 2031 2665 Ruggiero.
2051 2630 2167 2657 anniche
2189 2639 2204 2656 a

1308 2678 1427 2711 Reggio,
1448 2678 1562 2702 sarebbe
1582 2678 1725 2702 avvenuto
1743 2683 1759 2700 a
1778 2676 1889 2700 Mileto.
1927 2675 1986 2700 Che
2005 2675 2047 2699 sia
2066 2675 2140 2699 stata
2158 2674 2204 2699 ln-

1310 2728 1374 2745 vece
1387 2720 1506 2752 Reggio,
1520 2719 1535 2744 c
1547 2719 1724 2744 confermato
1739 2719 1828 2743 anche
1840 2719 1876 2743 da
1889 2718 2010 2747 Auaro,
2023 2716 2057 2746 V,
2071 2716 2095 2741 8.
2133 2714 2205 2745 Que-

1310 2764 1353 2787 sta
1367 2761 1506 2787 diverstta
1520 2762 1548 2787 di
1563 2762 1784 2787 testimonianza
1798 2759 1887 2785 luscio
1901 2766 2041 2792 supporre
2052 2757 2203 2783 all’Amari

1311 2805 1360 2828 che
1379 2805 1408 2829 vi
1429 2805 1536 2829 sossero
1557 2804 1626 2828 stati
1645 2804 1698 2827 due
1711 2802 1937 2828 avvicinamenti
1959 2801 2003 2825 fra
2013 2799 2205 2825 Ibn—Thimna

1310 2845 1343 2870 ed
1364 2846 1371 2869 i
1394 2845 1500 2870 fratelli
1527 2844 1687 2869 altavilla:
1708 2851 1766 2868 uno
1786 2851 1802 2868 a
1820 2843 1933 2873 Mileto,
1951 2841 1998 2866 col
2018 2842 2102 2866 conto
2126 2840 2204 2874 Rug-

1311 2889 1400 2919 giero,
1419 2887 1453 2911 ed
1472 2895 1509 2911 un
1530 2886 1662 2915 secondo,
1683 2886 1732 2910 che
1755 2885 1786 2910 su
1806 2886 1826 2909 il
1847 2884 1985 2912 decisivo,
2005 2890 2058 2908 con
2077 2882 2203 2908 Roberto

1311 2928 1479 2959 Guiscardo,
1499 2937 1514 2953 a
1533 2929 1652 2961 Reggio.

2229 2336 2320 2366 30‘

2231 2544 2264 2580 ἐς

2231 2767 2319 2793 4ο,

1400 2970 1409 2986 ⁴
1430 2971 1651 3000 lun-Kfflrnum
1673 2970 1743 2995 Bibl.
1762 2968 1927 2999 „sn-Sicula,
1946 2967 2004 2992 vol.
2025 2967 2065 2998 11,
2085 2973 2145 2998 ποι,
2170 2965 2204 2991 ὀὶ
2231 2974 2264 3001 45

1312 3014 1439 3037 seicento
1459 3013 1578 3038 uomlni.
