2320 3424
200 397 231 421 D,
247 402 284 418 101
293 403 308 417 v

179 424 254 448 Mun..
270 425 308 449 ⁵⁶³

200 1409 224 1433 C,
237 1414 282 1433 ur

190 1570 219 1593 A,
234 1571 281 1591 mr

194 1624 221 1648 B,
236 1630 283 1644 ιον

937 218 1208 256 GAUFREDI
1236 216 1612 254 MALATERRAE
2028 221 2082 256 [Α.
2103 221 2197 258 1061]

443 344 539 377 XV1.
564 363 603 367 -
629 343 688 376 Sic
713 342 902 376 Centurbio
917 342 1049 380 relicto,
1065 342 1101 374 in
1117 341 1269 383 planicie
1284 339 1505 374 Paternionis
1518 338 1527 356 ¹
1546 339 1790 378 castrametati,
1806 339 1956 374 tentoria
1967 340 2087 384 figunt.
2133 338 2197 372 Vi-

356 408 462 442 saque
485 398 635 440 planicie
659 403 738 439 apta
762 403 796 429 et
819 396 969 439 spatiosa
991 395 1037 427 ad
1060 394 1310 438 proeliandum,
1335 403 1400 436 per
1423 398 1504 426 octo
1531 391 1621 426 dies'
1644 392 1727 425 illuc
1756 392 1890 427 mo'rati
1917 399 2005 432 sunt,
2036 392 2197 426 volentes

352 457 389 483 ut
411 461 431 483 a
447 450 648 483 Sarracenis
664 448 747 482 inibi
764 449 828 481 sibi
845 448 1013 491 proelium
1030 447 1231 490 dispositum
1249 447 1444 479 offerretur.
1492 445 1563 478 Sed
1579 455 1656 478 cum
1674 457 1695 478 a
1709 446 1987 488 speculatoribus
2002 445 2196 479 Betuminis

355 503 547 540 Sar-racem,
571 502 629 545 qui
654 502 747 544 apud
770 502 922 545 Regium
946 501 990 533 ad
1015 499 1174 533 comitem
1199 500 1433 543 transfugerat
1455 505 1490 532 et
1513 498 1579 531 illis
1603 498 1691 531 fidus
1706 505 1823 533 comes
1846 505 1882 533 et
1903 500 2028 534 ductor
2051 499 2197 532 comita-

352 557 460 596 batur,
484 555 688 588 didicissent
712 554 839 587 bellum
863 554 1012 587 necdum
1035 553 1072 585 in
1094 558 1257 596 promptu
1279 551 1412 592 haberi,
1434 551 1579 584 ulterius
1605 553 1878 596 progredientes,
1902 553 1998 596 apud
2028 552 2196 585 Sanctum

354 610 517 647 Felicem,
540 610 634 653 juxta
658 614 797 652 cryptas
827 608 1067 640 subterraneas
1079 605 1101 644 ²,
1125 605 1288 648 hospitati
1320 611 1414 638 sunt:
1447 615 1532 648 quas
1562 611 1813 648 oppugnantes,
1843 606 1990 639 maxima
2020 616 2064 638 ex
2094 611 2193 649 parte

358 669 556 705 coeperunt,
579 661 736 704 pluribus
759 672 802 693 ex
825 659 1097 693 inhabitantibus
1119 659 1346 702 interemptis.
1393 659 1480 691 Inde
1503 659 1677 702 progressi
1699 659 1744 692 ad
1774 659 1985 698 molendina,
2017 665 2097 692 ante
2128 658 2196 692 Ca-

354 715 655 759 strum-johanniS‚
678 715 712 746 in
735 715 810 757 ripa
833 714 991 753 fluminis,
1014 713 1108 756 quod
1133 712 1250 755 lingua
1274 711 1408 744 eorum'
1433 711 1623 745 Guedetam·
1644 712 1769 745 dicitur
1793 731 1832 736 —-
1857 713 1951 756 quod
1974 712 2080 745 latine
2103 721 2197 744 reso-

351 769 458 802 lutum
470 768 601 813 flumen
620 767 758 811 paludis
780 766 1048 810 interpretatur⁸
1073 785 1125 805 ——,
1149 766 1381 799 castrametati
1404 771 1492 798 sunt.

440 866 554 899 XVII.
579 884 621 889 —
642 864 819 898 Belcamet
841 864 954 908 igitur,
979 874 1160 896 numerosa
1183 863 1403 896 multitudine
1420 862 1668 896 Africanorum
1685 868 1720 895 et
1737 863 1973 896 Siciliensium
1990 863 2193 902 coadunata,

354 920 491 959 bellum,
516 919 608 962 quod
631 919 691 951 diu
714 919 939 961 disposuerat,
964 917 1120 950 hostibus
1143 917 1260 955 offert,
1284 926 1376 948 anno
1400 915 1444 948 ab
1474 917 1713 949 incarnatione
1743 916 1883 949 Domini
1906 915 2040 948 MLXI.
2085 915 2197 949 Porro

355 974 435 1011 dux,
458 972 646 1006 exercitum
669 972 906 1015 semipartiens
930 990 970 994 —
987 976 1087 1003 erant
1101 970 1191 1003 enim
1214 970 1452 1003 tantummodo
1468 970 1677 1014 septingenti
1689 969 1702 987 ⁴
1718 988 1758 993 -
1783 975 1818 1002 et
1833 981 1876 1002 ex
1890 970 1974 1013 ipsis
1997 970 2083 1002 duas
2106 969 2199 1002 acies

353 1027 525 1064 ordinans,
549 1036 651 1058 unam
674 1025 785 1063 fratri,
808 1030 846 1057 ut
868 1024 988 1067 priori,
1011 1023 1111 1056 sicuti
1134 1023 1199 1056 sibi
1222 1024 1326 1056 moris
1348 1029 1431 1061 erat,
1454 1029 1493 1056 ut
1515 1024 1647 1056 hostem
1678 1023 1793 1061 feriat,
1825 1023 1982 1067 delegat;
2012 1023 2087 1066 ipse
2117 1033 2198 1056 cum

353 1079 470 1118 altera,
492 1090 571 1112 suos
595 1079 756 1111 alacriter
778 1077 893 1110 verbis
917 1077 1147 1115 exhortando,
1170 1076 1335 1120 subsequi
1358 1086 1428 1108 non
1444 1077 1569 1109 tardat.
1617 1076 1783 1109 Similiter
1798 1076 1986 1115 Belcamet,
2003 1086 2082 1109 cum
2097 1075 2198 1119 quiu-

353 1132 468 1165 decim
492 1133 598 1164 millia
621 1138 826 1164 armatorum
850 1131 1005 1169 haberet,
1026 1137 1097 1164 tres
1119 1130 1214 1163 acies
1235 1130 1391 1169 instituit,
1417 1141 1494 1163 cum
1518 1130 1643 1173 quibus
1665 1130 1776 1173 primo
1800 1130 1943 1173 quidem
1967 1129 2197 1163 audacissime

351 1185 504 1218 hostibus
527 1196 723 1224 occurrens,
747 1191 923 1218 certamen
947 1184 1034 1216 iniit.
1079 1183 1190 1216 Porro
1206 1184 1326 1224 nostri,
1341 1194 1384 1216 ex
1399 1193 1494 1216 more
1509 1185 1546 1216 in
1562 1183 1673 1226 primo
1691 1193 1878 1226 congressu
1894 1183 2032 1215 fortiter
2048 1181 2198 1226 agendo,

351 1239 514 1282 plurimos
537 1245 737 1277 sternentes,
759 1238 913 1282 reliquos
942 1237 978 1270 in
1008 1237 1128 1280 fugam
1158 1243 1358 1276 verterunt3
1389 1247 1474 1280 quos
1505 1237 1675 1276 cedendo,
1706 1247 1825 1269 versus
1854 1236 2199 1279 Castrum-Johannis

352 1297 609 1335 persequentes,
631 1302 739 1336 usque
762 1292 807 1325 ad
835 1291 957 1323 decem
988 1290 1096 1323 millia
1126 1290 1341 1323 occiderunt.
1388 1290 1516 1334 Sicque
1546 1290 1724 1323 victoriam
1755 1290 1885 1332 adepti,
1917 1289 2034 1332 spoliis
2056 1289 2198 1333 quidem

352 1351 429 1377 sunt
451 1345 548 1378 ditati
570 1345 606 1376 in
628 1350 768 1382 tantum,
793 1350 830 1376 ut
853 1344 912 1387 qui
936 1353 1061 1387 equum
1084 1355 1190 1375 unum
1214 1343 1249 1375 in
1271 1343 1405 1386 proelio
1428 1344 1632 1386 perdiderit,
1663 1353 1727 1385 pro
1757 1353 1826 1375 uno
1857 1343 1980 1375 decem
2003 1342 2196 1385 recipiens:

358 1398 525 1431 consimili
547 1398 645 1430 lucro
669 1398 713 1430 ad
741 1397 884 1430 similem
909 1397 1098 1430 exercitum
1122 1396 1292 1429 accedere
1315 1407 1385 1430 non
1408 1396 1607 1430 dubitaret'.
1653 1397 1694 1429 In
1718 1397 1867 1429 crastino
1897 1397 2014 1439 itaque
2037 1395 2199 1439 proprius

352 1458 499 1484 castrum
522 1451 795 1495 progredientes,
819 1451 864 1483 ad
889 1451 1012 1489 locum,
1037 1451 1096 1494 qui
1119 1457 1172 1483 est
1193 1451 1284 1484 inter
1310 1451 1656 1494 Castrum-johannis
1687 1456 1721 1483 et
1753 1449 1941 1482 Naurcium
1954 1449 1976 1488 ⁵,
2000 1449 2075 1482 sola
2097 1455 2198 1482 nocte

353 1505 526 1548 hospitati,
558 1506 616 1538 die
646 1505 803 1548 sequenti
829 1505 864 1536 in
887 1510 1016 1543 monte,
1041 1505 1099 1548 qui
1122 1503 1362 1537 Calataxibet⁶
1386 1504 1524 1544 dicitur,
1553 1505 1700 1537 tentoria
1729 1505 1846 1547 figunt.
1892 1503 1976 1542 Sed,
1999 1503 2080 1546 quia
2101 1512 2200 1535 mons

355 1560 506 1592 strictior
528 1565 601 1592 erat
625 1565 660 1592 et
681 1559 794 1591 minus
817 1559 861 1592 ad
877 1558 1122 1601 hospitandum
1137 1559 1304 1592 exercitui
1321 1558 1502 1597 sufficiens,
1519 1559 1563 1591 ad
1578 1558 1771 1591 Planiciem
1788 1556 1965 1590 Fontium'
1978 1557 2198 1590 transierunt.

355 1613 482 1646 Comes
506 1622 587 1645 vero
611 1613 795 1656 Rogerius,
819 1613 942 1656 quietis
965 1612 1148 1655 impatiens
1171 1619 1206 1645 et
1229 1612 1358 1645 laboris
1380 1612 1526 1651 avidus:
1549 1618 1726 1645 trecentos
1747 1612 1892 1655 juvenes
1914 1621 2033 1644 secum
2056 1611 2199 1651 ducens,

352 1676 461 1709 usque
484 1665 735 1710 Agrigentum⁷
758 1667 960 1709 praedatum
984 1672 1018 1699 et
1040 1672 1168 1699 terram
1191 1666 1384 1709 inspectum
1407 1666 1514 1704 vadit,
1537 1671 1644 1698 totam
1666 1665 1886 1708 provinciam
1916 1664 2083 1697 incendio
2114 1673 2198 1698 con-

352 1719 538 1752 cremando
555 1720 748 1752 devastans.
794 1718 881 1752 Cum
897 1719 995 1759 redit,
1011 1719 1132 1762 spoliis
1148 1726 1183 1752 et
1198 1719 1330 1762 praeda
1351 1725 1461 1752 totum
1477 1719 1670 1752 exercitum
1685 1718 1904 1751 abundanter
1925 1717 2084 1761 replevit.
2129 1717 2198 1750 Per

352 1783 506 1806 mensem
521 1773 637 1816 itaque
653 1772 700 1805 ibi
717 1774 955 1815 perdurantes,
972 1779 1078 1806 totam
1093 1773 1319 1816 provinciam,
1336 1773 1483 1806 diversis
1497 1771 1750 1805 incursionibus
1764 1772 1970 1810 lacerantes,
1985 1771 2197 1809 afflixerunt;

298 1834 301 1836 ’
352 1827 414 1859 sed
437 1826 741 1870 Castro-Johannis
763 1827 904 1859 minime
927 1826 1205 1870 praevaluerunt.
1251 1827 1290 1859 In
1313 1827 1389 1870 ipso
1414 1836 1504 1859 anno
1529 1827 1599 1859 dux
1623 1832 1772 1860 castrum
1795 1824 1933 1858 Marci⁸
1956 1824 2053 1858 fecit.

440 1933 573 1966 XVIII.
598 1951 625 1956 -
661 1933 819 1966 Hiemem
841 1934 958 1977 itaque
982 1934 1134 1966 vicinam
1157 1933 1414 1976 praevidentes,
1438 1932 1699 1976 expeditionem
1730 1932 1884 1970 solvunt3
1914 1931 2084 1965 Betumen
2113 1941 2198 1965 vero

353 1985 387 2018 in
410 1997 470 2019 sua
492 1986 658 2019 fidelitate
681 1987 775 2030 apud
797 1987 1002 2020 Cathaniam
1026 2006 1067 2011 -—
1092 1987 1143 2020 sui
1168 1987 1258 2021 enim
1281 1987 1366 2032 juris
1390 1993 1464 2020 erat
1489 2005 1530 2010 —
1554 1986 1776 2025 dimittentes,
1800 1986 1858 2030 qui
1882 1985 2037 2019 Siciliam
2058 1984 2198 2018 interim

444 2106 464 2124 1.
484 2098 594 2132 fingunt
612 2099 639 2123 P
653 2113 685 2117 —
706 2105 729 2124 2.
750 2101 886 2132 apta....
905 2098 1117 2133 proeliandum]
1135 2100 1271 2132 spatiosa,
1290 2101 1387 2132 aptum
1406 2100 1502 2124 locum
1521 2100 1556 2124 ad
1576 2099 1774 2132 proeliandum
1787 2098 1948 2133 iudicantes
1962 2097 2017 2123 ΡΑ
2032 2111 2066 2116 -
2085 2105 2109 2131 3.
2123 2097 2198 2122 Inibi

355 2141 411 2166 sibi
422 2149 470 2166 om.
484 2142 510 2165 B
523 2155 556 2159 -——
575 2150 600 2174 4.
620 2139 666 2175 ad]
687 2142 761 2174 apud
780 2143 842 2167 BD
861 2156 894 2160 -
913 2147 937 2174 5.
963 2143 1085 2168 interlus
1097 2143 1165 2167 Ρ-
1181 2149 1204 2176 7.
1219 2140 1458 2176 inhabItantibus]
1474 2142 1715 2167 inhabitatoribus
1728 2142 1806 2171 BD;
1820 2141 2030 2166 habitatoribus
2042 2140 2196 2174 peremptis

358 2184 381 2208 C
392 2197 423 2201 —-
438 2184 461 2208 8.
474 2183 576 2208 Aca-etto
594 2184 622 2208 Ia
640 2184 686 2209 les.
705 2185 735 2208 dt
752 2185 778 2209 A
797 2184 966 2216 Guedetani,
985 2185 1013 2210 la
1027 2185 1079 2217 pia
1096 2186 1184 2210 vicina
1202 2185 1257 2209 alla
1274 2193 1331 2210 voce
1349 2185 1432 2209 araba
1450 2185 1661 2217 correspondente
1680 2183 1716 2216 (v.
1735 2183 1789 2217 n.);
1804 2182 1932 2208 Guedeta
1945 2184 1974 2208 P
1985 2182 2018 2213 C:
2031 2182 2196 2208 Guedeturn

354 2226 380 2249 B
390 2226 419 2249 D
437 2240 469 2244 —
492 2232 531 2250 10.
550 2227 578 2250 P
594 2227 717 2258 modlfica
735 2226 848 2251 l'ordx‘ne
860 2227 928 2251 delle
936 2227 1045 2259 parole:
1065 2235 1171 2252 numer.
1184 2227 1277 2253 Afric.
1290 2227 1437 2252 multitud.
1449 2228 1478 2252 et
1490 2239 1502 2245 -
1514 2225 1721 2260 Siciliensium]
1739 2225 1900 2251 Siculorum
1912 2225 1977 2251 BD
1988 2238 2022 2243 —
2038 2231 2079 2251 12.
2093 2225 2199 2258 septin-

351 2268 431 2300 genti
448 2269 477 2292 et
494 2269 643 2300 sexaginta
662 2269 690 2292 D
707 2282 740 2286 —
762 2274 801 2300 15.
829 2270 946 2294 instruit
959 2270 985 2293 B
997 2283 1030 2287 —
1046 2269 1086 2295 16.
1100 2271 1130 2294 in
1145 2270 1239 2302 primo
1253 2277 1288 2294 ex
1300 2277 1378 2295 more
1392 2276 1546 2303 congressu
1557 2269 1626 2293 P—
1643 2275 1683 2302 17.
1696 2269 1822 2300 reliquos
1836 2268 2011 2297 occiderunt,
2025 2265 2198 2299 reliquosin]

353 2310 402 2334 cosi
423 2311 488 2335 BD
506 2323 539 2328 -—
561 2310 601 2335 18.
622 2310 657 2335 ad
676 2310 804 2335 decem..
817 2330 839 2336 ..
859 2312 973 2343 quidam
994 2314 1060 2337 sunt
1078 2320 1126 2337 om.
1147 2313 1213 2337 BD
1232 2325 1263 2330 —
1286 2319 1324 2345 19.
1344 2312 1375 2336 in
1394 2313 1506 2337 tantum
1524 2319 1573 2336 om.
1592 2312 1619 2336 A
1638 2325 1671 2329 -
1691 2318 1732 2336 20.
1752 2310 1867 2343 capiens
1884 2310 1911 2334 B
1929 2323 1940 2328 -
1961 2307 2067 2343 itaque]
2086 2309 2203 2335 enim?

354 2365 390 2370 —
408 2359 451 2378 21.
468 2353 622 2378 Naurcium
642 2353 701 2378 AB
711 2355 788 2383 CD;
808 2354 975 2379 Iracundum
995 2356 1023 2379 P
1034 2369 1066 2373 —
1081 2361 1122 2380 22.
1137 2354 1332 2380 Calatasibeth
1347 2355 1372 2379 B
1382 2355 1411 2379 D
1426 2369 1457 2374 —
1472 2361 1513 2386 24.
1527 2351 1641 2387 avidus]
1656 2353 1785 2378 assiduus
1798 2352 1857 2378 ΡΑ
1870 2365 1903 2371 -·
1917 2357 1959 2384 25.
1973 2352 2143 2385 Grigentum
2155 2352 2196 2382 1²3

352 2394 557 2427 GergentumA
568 2396 602 2424 C,
619 2403 662 2420 ma
680 2396 791 2420 soleanto
809 2397 865 2428 qui,
882 2397 913 2421 ln
929 2397 1030 2429 seg-ulto
1046 2401 1147 2430 sempr-e
1160 2397 1350 2431 Agrigentum
1368 2404 1438 2422 come
1454 2397 1481 2420 B
1498 2404 1512 2420 e
1530 2396 1559 2421 D
1577 2410 1610 2414 —
1632 2403 1672 2428 29.
1693 2396 1874 2421 Becuminem
1891 2396 1920 2420 P
1936 2396 1986 2427 qui
2001 2402 2016 2419 e
2028 2394 2082 2428 3ίῦ
2101 2408 2110 2414 -
2131 2401 2197 2420 vero

352 2444 401 2463 om.
419 2438 482 2462 BD
500 2450 533 2455 —
554 2444 595 2470 30.
614 2436 754 2463 Catanam
773 2438 800 2462 P
812 2437 861 2463 cos)
879 2442 980 2471 eampre
999 2453 1008 2457 -
1027 2440 1088 2465 erat
1106 2447 1156 2466 om.
1173 2441 1202 2465 P

2223 846 2306 895 10'

2225 1127 2263 1162 15

2221 1396 2264 1427 20

2221 1664 2315 1713 ²⁵}

2221 1985 2315 2018 30,

298 2545 329 2562 10
442 2538 451 2555 ¹
470 2538 601 2569 Paterno,
621 2541 748 2565 circond.
767 2549 781 2565 e
800 2542 951 2574 provincia
970 2541 999 2565 di
1021 2542 1152 2567 Catania.

442 2579 454 2597 ²
472 2573 494 2606 E
513 2582 615 2614 ignoto
636 2582 657 2607 11
677 2583 735 2608 sito
755 2583 782 2607 di
802 2585 899 2615 queste
917 2585 1020 2616 grotte.
1057 2583 1205 2614 L’AMAm,
1224 2584 1246 2615 1,

356 2629 476 2655 310-311‚
494 2632 508 2648 e
527 2623 574 2653 111,
595 2631 637 2657 72,
656 2626 723 2649 nota
743 2633 767 2657 4,
791 2625 921 2650 rimanda
947 2626 1083 2658 all‘opera
1109 2626 1153 2651 del
1173 2626 1248 2651 Bou-

357 2670 477 2696 QUELor‚
502 2665 602 2698 Voyage
620 2674 651 2690 en
665 2666 754 2698 Sicile,
770 2674 796 2699 p.
814 2665 862 2698 164
876 2680 909 2685 —
922 2674 976 2691 ove
989 2668 1013 2691 si
1028 2668 1107 2700 parla
1121 2669 1149 2692 di
1164 2668 1247 2692 cosis-

358 2706 427 2731 fatte
446 2708 629 2737 costruzioni,
649 2709 698 2733 che
717 2710 867 2733 servivano
893 2716 942 2741 per
967 2716 1019 2733 uso
1039 2710 1068 2734 di
1087 2710 1247 2735 abitazione

356 2754 371 2771 e
388 2755 466 2773 come
485 2750 629 2782 sepolture
644 2765 685 2780 -‚
698 2758 712 2775 e
726 2751 789 2775 dice
801 2751 851 2775 che
863 2758 924 2776 esse
938 2752 1107 2784 potrebbero
1121 2759 1210 2777 essere
1223 2753 1248 2777 le

359 2790 372 2803 ⁸
384 2789 530 2819 Quaranta
548 2793 644 2824 grotte
654 2811 678 2824 „,
699 2793 773 2818 nelle
787 2793 939 2818 adiacenze
952 2793 980 2818 di
994 2793 1247 2826 Castrogiovanni,

357 2833 407 2857 che
426 2835 433 2857 i
454 2834 639 2859 Mussulmani
660 2842 859 2868 espugnarono
880 2835 1008 2867 nell’841.

444 2874 456 2890 ³
474 2876 497 2900 11
518 2884 600 2900 nome
619 2877 731 2902 arabico
750 2876 764 2902 ὲ
783 2878 969 2909 Wadi-chum
989 2885 1041 2907 ma,
1055 2885 1133 2903 come
1145 2886 1249 2911 appare

357 2917 431 2942 dalle
450 2919 575 2943 varianti
589 2926 619 2943 su
633 2920 780 2952 riportate,
794 2920 836 2953 gli
850 2921 1015 2945 amanuensi
1031 2919 1105 2945 della
1120 2919 1249 2946 Cronaca

297 2965 332 2984 20
358 2959 402 2983 del
421 2960 459 2984 M.
478 2967 513 2984 ne
531 2962 714 2993 storpiarono
729 2963 756 2986 la
769 2963 963 2987 trascrizione.
999 2962 1119 2987 Sat-ebbe
1132 2963 1154 2987 il
1168 2963 1250 2988 fiume

358 3001 505 3032 Dittainm
525 3010 539 3027 e
557 3010 653 3036 presso
673 3011 687 3028 a
706 3011 781 3037 poco
798 3002 860 3029 cosi
879 3003 894 3029 ὲ
914 3005 992 3029 detto
1014 3004 1028 3018 ¹⁴
1039 3004 1080 3029 Lo
1094 3005 1222 3030 dIctaino
1234 3024 1247 3037 η

300 2758 328 2783 ¹5

1301 2543 1331 2567 in
1357 2550 1394 2567 un
1420 2543 1592 2567 documento
1618 2542 1662 2566 del
1689 2543 1771 2566 conte
1796 2541 1942 2574 Ruggiero
1967 2540 2011 2565 del
2039 2546 2117 2573 1099.
2153 2537 2200 2564 cf.

1300 2584 1396 2615 Pnuu,
1415 2585 1511 2609 Sicilia
1530 2584 1623 2615 Sacra,
1643 2584 1666 2614 1,
1690 2591 1764 2609 1011.

1387 2624 1398 2640 ⁴
1416 2626 1539 2656 ΑΜΑΤο,
1558 2627 1591 2655 V,
1613 2632 1660 2658 23;
1680 2624 1743 2650 Lao
1764 2624 1841 2654 Osr..
1861 2624 1908 2656 111,
1930 2630 1980 2656 453
1999 2631 2044 2649 ma
2067 2630 2117 2657 per
2135 2623 2200 2648 loro

1302 2670 1406 2694 furono
1430 2675 1459 2700 15
1480 2668 1550 2693 mila
1569 2668 1676 2693 cavalli
1694 2676 1708 2692 e
1731 2674 1783 2692 100
1800 2668 1870 2693 mila
1890 2667 2007 2692 soldati.

1389 2710 1400 2726 ⁵
1419 2702 1441 2736 E
1460 2711 1482 2736 il
1503 2711 1631 2744 laghetto
1651 2711 1679 2735 di
1700 2711 1832 2743 Pergusa,
1853 2710 1900 2734 nei
1918 2709 2009 2741 pressi
2028 2708 2057 2733 di
2084 2707 2200 2734 Castro-

1301 2754 1451 2787 giovanni.

1390 2794 1402 2812 ⁸
1421 2795 1622 2824 Calascibetta,
1642 2797 1671 2820 in
1691 2802 1773 2828 proV.
1793 2795 1823 2820 di
1843 2795 2040 2820 Caltanisetta.

1390 2837 1401 2854 ⁷
1420 2837 1565 2871 Girgenti.
1752 2843 1757 2849 ⁷

1391 2878 1402 2896 ⁸
1422 2880 1477 2905 San
1498 2881 1595 2905 Marco
1614 2880 1644 2904 di
1662 2880 1797 2911 Alunslo,
1811 2881 1840 2904 in
1854 2887 1936 2913 prov.
1949 2880 1979 2904 di
1993 2879 2126 2904 Messian.
2162 2878 2199 2904 V.
2226 2885 2263 2912 30

1303 2922 1526 2952 Ian—Kanum&
1550 2923 1582 2947 in
1608 2923 1681 2947 Bibl.
1700 2922 1921 2951 Arabo-Sicula,
1945 2921 1981 2951 11,
2007 2927 2057 2946 202
2083 2920 2198 2953 (ai-abo:

1302 2964 1644 2997 Kal'at-Sciant·Marku),
1662 2971 1677 2988 e
1696 2965 1732 2990 cf.
1752 2964 1948 2993 Cmmxmnou,
1967 2966 2006 2996 op.
2028 2963 2081 2992 cte„
2101 2962 2159 2988 vol.
2177 2962 2199 2992 Ι,

1304 3014 1331 3041 p.
1353 3006 1411 3038 196.

2227 2670 2260 2698 ²⁵
