2314 3418
130 344 290 388 assignat.
335 342 463 388 Sicque
485 343 707 387 expeditione
729 353 846 378 mense
867 343 951 388 julio
975 343 1096 381 soluta,
1119 344 1188 376 dux
1210 343 1244 375 in
1276 343 1447 386 Apuliam,
1479 353 1594 376 comes
1623 353 1706 376 vero
1736 341 1772 374 in
1802 341 1967 380 Siciliam,

132 396 382 441 digrediuntur.

217 450 340 484 Comes
363 456 478 483 autem
499 451 535 483 in
556 461 619 484 sua
641 456 739 493 parte
762 456 910 484 castrum
933 451 1045 484 firmat
1051 462 1061 488 3
1084 450 1285 494 urbemque,
1309 461 1387 483 cum
1408 451 1477 495 jam
1501 450 1694 483 communis
1717 455 1817 487 esset,
1840 449 1890 482 ita
1912 459 1968 482 or-

130 502 236 542 dinat,
258 509 296 536 ut
316 502 394 546 plus
415 513 458 536 ex
480 504 666 538 medietate
688 503 906 546 postmodum
930 503 1012 537 duci
1035 503 1241 546 perveniret,
1264 514 1367 546 quam
1389 503 1502 546 primo
1525 514 1603 536 cum
1626 503 1697 536 sine
1721 501 1966 545 comparticipe

51 542 58 570 ἶ
78 555 108 592 ⁷5
130 555 235 590 totius
257 555 351 589 urbis
372 557 530 590 redditus
552 557 756 600 possideret.

215 662 348 696 XVIII.
373 685 414 690 —
438 664 500 696 His
523 664 639 708 itaque
662 665 823 707 peractis,
847 664 929 708 quia
951 675 1015 707 per
1037 664 1291 698 successionem
1313 669 1507 706 temporum
1529 673 1583 702 ea,
1600 674 1688 707 quae
1703 669 1805 707 gestav
1814 668 1894 696 sunt
1908 662 1966 695 vel

130 715 345 755 acciderunt,
368 723 471 760 prout
494 718 647 758 fuerunt,
668 727 732 750 nos
754 716 943 760 scripturos
969 716 1232 760 repromisimus,
1263 715 1350 750 ordo
1381 716 1547 759 temporis
1577 717 1779 750 damnosum
1812 716 1967 749 dolorem

131 769 270 804 Siciliae
293 776 328 804 et
349 769 532 803 Calabriae
554 781 629 810 nos,
652 771 735 814 quin
757 771 840 804 huic
862 770 951 804 libro
973 771 1173 810 inseramus,
1195 770 1433 814 praetergredi
1454 776 1565 808 vetat3
1582 771 1739 813 quamvis
1753 770 1941 813 pluribus·
1930 781 1968 802 m

71 838 78 851 ι
130 823 329 867 praesentia
351 823 405 855 sui
422 823 489 855 hoc
503 822 597 856 idem
612 824 658 856 ad
672 823 872 857 memoriam
886 833 1061 863 revocare,
1077 833 1270 862 onerosum,
1287 822 1383 866 quasi
1399 823 1555 856 dolorem
1568 823 1782 861 renovando,
1797 823 1965 855 videatur.

61 877 110 911 10
133 876 221 910 Nam
243 881 324 909 sunt
345 875 515 919 nonnulli,
539 877 598 920 qui
620 887 704 919 prae
727 877 832 909 nimio
855 877 996 916 affectu,
1019 887 1120 920 quem
1144 887 1228 920 erga
1249 876 1371 919 ipsum,
1395 876 1438 908 de
1461 886 1530 919 quo
1553 885 1664 908 sermo
1687 876 1736 916 fit,
1758 875 1965 914 habuerunt,

56 937 69 943 ‘
129 935 179 969 ut,
201 930 230 963 si
252 929 288 962 in
312 938 432 962 eorum
453 929 648 972 praesentia
669 930 765 974 quod
787 929 917 963 accidit
938 929 1112 967 recitatur,
1135 940 1157 961 a
1171 929 1322 962 lacrimis
1336 929 1476 961 minime
1491 939 1528 962 se
1550 935 1693 972 possunt
1716 929 1903 967 continere,
1926 939 1968 962 ac

70 972 73 990 ³
128 983 157 1016 si
178 991 304 1016 recens
325 982 370 1015 sit
391 983 486 1026 quod
508 988 679 1016 narratur.

214 1036 388 1080 Jordanus
409 1037 511 1075 enim,
533 1035 621 1069 filius
644 1036 788 1075 comitis,
809 1041 952 1079 propter
973 1035 1209 1069 strenuitatem
1231 1046 1328 1068 suam
1350 1035 1509 1068 omnibus
1531 1035 1696 1075 amabilis,
1719 1046 1821 1079 quem
1851 1036 1967 1078 plures

130 1107 175 1114 —
196 1090 278 1134 quia
302 1089 373 1133 J‘am
404 1089 629 1129 Gaustedum,
660 1089 756 1133 quod
785 1089 940 1123 dolorem
971 1099 1039 1122 non
1070 1089 1205 1128 minuit,
1236 1088 1375 1122 morbus
1405 1089 1645 1131 elephantinus
1673 1089 1894 1132 pervaserat¹
1927 1111 1967 1116 —

60 1140 108 1178 ⁵15
132 1143 268 1176 comitis
290 1143 477 1175 haeredem
506 1143 658 1176 futurum
689 1142 952 1186 suspicabantur
981 1160 1023 1165 —
1046 1152 1125 1174 nam
1148 1152 1260 1186 neque
1284 1142 1389 1175 alium
1411 1142 1600 1175 masculum
1622 1142 1774 1175 habebat

1798 1160 1851 1182 —,
1875 1143 1969 1186 apud

129 1197 348 1241 Syracusam,
371 1196 425 1229 sui
446 1196 529 1239 juris
551 1196 682 1234 urbem,
705 1195 804 1229 febre
826 1196 981 1240 synocho
995 1205 1180 1238 percussus
1196 1201 1256 1228 est.
1303 1194 1410 1234 Quod
1425 1205 1504 1228 cum
1519 1195 1611 1238 patri
1626 1196 1818 1229 nuntiatum
1834 1196 1968 1234 fuisset,

130 1249 283 1282 illorsum
313 1249 515 1292 praevenire
544 1255 689 1282 mortem
720 1249 901 1288 accelerat,
924 1247 996 1288 sed,
1019 1247 1140 1281 morbo
1162 1249 1436 1291 ingravescente,
1466 1248 1585 1282 ultima
1615 1249 1855 1282 determinatio
1877 1249 1968 1281 vitae

133 1302 275 1346 Jordani
297 1308 395 1345 patre
416 1302 571 1335 velocior
594 1302 660 1335 fuit
671 1302 694 1335 ¹.

222 1431 247 1456 4.
267 1425 406 1457 participe
424 1424 488 1448 BD
507 1437 538 1440 —
561 1430 601 1456 15.
620 1424 735 1448 comitis
753 1430 802 1448 om.
821 1423 883 1447 BD
901 1436 933 1440 -
955 1421 994 1448 16.
1014 1420 1151 1456 synocho]
1170 1423 1233 1455 tipo
1254 1424 1295 1452 P3
1315 1424 1418 1455 sinope
1440 1424 1463 1447 C

132 1526 172 1555 to,
191 1525 212 1550 11
233 1525 303 1550 duca
321 1525 350 1550 di
373 1524 472 1558 Puglia
497 1526 531 1550 ed
558 1526 579 1549 il
605 1527 689 1550 conte
712 1525 743 1550 di
767 1525 868 1550 Sicilla
891 1524 1022 1550 esercita-

132 1574 208 1592 vano
225 1575 282 1592 una
301 1569 393 1600 specie
412 1568 442 1593 di
460 1568 661 1592 condomim'um.
699 1567 754 1599 Ma,
775 1574 853 1593 come
871 1567 918 1592 dal
940 1574 1022 1600 passo

133 1611 164 1635 ln
182 1611 281 1643 pai-ola
299 1617 404 1643 appare
423 1618 471 1643 per
491 1609 625 1641 Cosenza,
643 1611 761 1643 qualche
778 1611 886 1636 rlserva
909 1610 1023 1636 dovette

132 1660 207 1678 esser
226 1654 295 1679 satta
316 1653 361 1678 nel
380 1654 502 1678 trattato
527 1653 572 1677 del
600 1652 676 1685 1085.
711 1652 880 1678 Altrimenti
899 1659 1024 1686 neppure

63 1690 77 1702 ‘⁶
133 1699 290 1728 sapremmo
310 1696 449 1728 splegarci
469 1702 549 1720 come
568 1694 739 1728 nell'agosto
758 1695 803 1720 del
824 1701 892 1728 1090
911 1695 933 1720 11
952 1695 1023 1720 duca

61 1739 64 1751 i

132 1735 275 1770 Rugglero
294 1738 338 1762 sia
356 1737 402 1761 nel
421 1736 565 1770 completo
584 1744 713 1769 possesso
732 1736 761 1761 di
780 1737 893 1770 Tropea
905 1736 978 1770 (doc.
991 1737 1023 1762 in

131 1777 283 1809 Gar-rou,
308 1779 352 1804 Ad
373 1779 511 1804 historiam
532 1779 653 1804 abbatiae
680 1779 842 1804 Cassia-ensis
864 1780 1024 1810 acceedones,

134 1822 192 1847 vol.
209 1821 231 1851 1,
251 1829 277 1854 p.
296 1821 370 1854 204).

220 1861 228 1878 ¹
248 1863 353 1897 Luglio
372 1863 417 1888 del
439 1869 514 1897 1092.

219 1904 232 1923 ¹
250 1907 357 1932 Alcuni
375 1906 496 1932 studiosi
510 1908 535 1932 si
548 1914 619 1931 sono
633 1906 798 1932 domandati
812 1907 857 1932 chi
871 1907 914 1932 sis
925 1909 1024 1939 questo

78 1961 79 1964 =
131 1947 276 1978 Goffredo,
295 1949 322 1974 al
341 1949 433 1981 quale,
454 1956 532 1973 come
551 1956 638 1982 sposo
657 1949 807 1981 designato
820 1949 906 1974 d’una
919 1949 1025 1974 sorella

132 1989 161 2015 dl
180 1989 329 2022 Adelside,
349 1990 372 2015 il
391 1990 430 2016 M.
448 1991 485 2015 ha
503 1988 551 2023 gia
569 1993 725 2016 accennato
752 1991 797 2016 nel
824 1998 885 2024 cap.
909 1991 975 2016 XIV
993 1991 1023 2016 di

132 2033 232 2065 qne-to
250 2032 348 2058 Libro.
384 2033 427 2058 Ivi
447 2031 463 2058 e
481 2033 562 2058 detto
575 2034 625 2058 che
638 2033 782 2065 Goffredo,
794 2033 906 2067 colpito
919 2034 956 2059 da
967 2041 1024 2059 una

132 2074 302 2107 gravissima
319 2072 477 2105 lutei-mita,
496 2082 554 2100 non
574 2073 641 2108 pote
659 2082 781 2108 sposare,
808 2074 850 2106 ne,
873 2076 903 2100 in
928 2083 1025 2101 conse-

132 2122 250 2149 guensa,
267 2124 358 2142 essere
377 2117 400 2142 il
419 2124 579 2142 successore
599 2118 627 2142 di
647 2125 698 2143 suo
717 2118 804 2150 padre
823 2117 900 2143 nella
925 2119 1025 2143 conten

133 2157 164 2183 dl
183 2157 292 2184 Sicilia.
328 2159 436 2184 Inoltre
455 2159 572 2184 l'Anon.
591 2159 686 2185 Vatic.
703 2158 776 2193 (RR.
801 2159 841 2185 ΙΙ.
865 2159 925 2190 SS.,
949 2159 1025 2190 VIII,

64 2205 80 2211 ’
134 2198 197 2233 777)
215 2202 357 2234 aggiunge
375 2202 424 2226 che
443 2200 587 2231 Goffredo,
607 2203 723 2228 vivente
740 2209 846 2228 ancora
864 2203 892 2228 la
911 2203 1026 2236 moglie,

134 2243 158 2267 sl
178 2243 292 2268 sarebbe
309 2243 418 2268 dovuto
431 2244 546 2269 ritirare
566 2245 595 2269 in
614 2251 654 2269 un
666 2246 818 2270 convento.
853 2245 954 2270 Invece
972 2244 1026 2270 Fra

133 2283 251 2311 Simone
269 2285 305 2311 da
324 2285 452 2318 Lentim,
465 2286 511 2311 nel
525 2294 576 2312 suo
590 2287 850 2320 volgarizzamento
863 2287 939 2312 della
957 2287 1026 2313 Cro-

134 2333 204 2352 naca
223 2327 423 2353 malaterrlsna
442 2326 492 2361 (La
508 2331 647 2360 conquesta
659 2335 707 2354 ecc.
721 2330 778 2358 cit„
793 2329 824 2353 ln
837 2328 876 2353 Di
890 2327 1026 2354 Grovm-

4 2406 5 2418 ἵ
77 2386 80 2391 ,
134 2374 176 2401 m,
200 2368 331 2394 emach«
342 2370 463 2395 :scillam
475 2369 533 2400 ulfi,
545 2378 573 2403 p.
586 2369 640 2402 85),
654 2370 717 2395 dice
735 2370 785 2395 che
806 2369 960 2396 “Goffridu
979 2377 1026 2396 era¹

136 2409 209 2444 “gid
227 2412 322 2437 mortu
340 2412 371 2437 di
390 2412 492 2444 lebra„
513 2413 560 2437 nel
583 2419 658 2445 1⁰9²·

223 2443 246 2478 ὲ
264 2455 354 2479 ormai
374 2455 444 2480 noto
463 2462 541 2480 come
560 2455 582 2480 11
603 2456 688 2479 conte
712 2454 856 2488 Ruggiero
881 2455 950 2480 ebbe
974 2455 1028 2480 due

25 2476 27 2520 Α,
68 2511 71 2514 -
134 2493 204 2528 11311,
229 2497 360 2529 portanti
383 2497 522 2522 entrsmbi
549 2497 578 2522 lo
597 2499 687 2522 stesso
706 2504 789 2522 nome
807 2495 950 2522 Goffredo.
986 2497 1028 2522 La

70 2554 74 2556 -
135 2544 210 2570 cosa,
222 2539 389 2565 avvaiorata
407 2539 443 2565 da
460 2546 499 2565 un
519 2541 580 2565 doc.
600 2539 646 2564 del
667 2538 736 2572 1096
754 2539 801 2572 (cf.
820 2539 902 2573 Regu
917 2539 1027 2573 Neapol.

134 2579 258 2606 Art-'Md‘
279 2581 408 2613 Monam„
426 2581 475 2613 Ἦ,
497 2580 566 2615 164),
585 2589 643 2606 non
670 2582 778 2607 sembra
797 2583 901 2612 strana,
919 2579 1029 2614 perche,

136 2628 214 2648 come
237 2623 328 2649 rilevn
353 2623 382 2648 lo
407 2622 577 2649 chalannen
602 2622 689 2658 (ΗΜ.
715 2625 774 2655 cit„
794 2624 851 2649 vol.
870 2624 890 2656 Ῑ,
910 2631 939 2657 p.
958 2625 1028 2657 535).

72 2683 82 2698 3
137 2664 224 2690 suche
242 2672 299 2691 una
311 2666 414 2699 coppIa
428 2679 460 2684 -—
479 2674 508 2691 se
528 2674 587 2691 non
601 2666 654 2691 clue
667 2679 699 2685 —
713 2666 744 2691 dl
756 2666 834 2699 figlle
847 2666 926 2691 dallo
940 2667 1029 2691 stesso

72 2714 107 2727 ω’·
137 2713 227 2739 nome,
253 2707 383 2739 Matilde,
406 2708 507 2734 allieto
532 2708 560 2733 la
580 2708 713 2741 samlglia
737 2707 768 2733 dl
793 2708 948 2741 Rugglero.
983 2707 1030 2732 Ad

86 2745 88 2749 ’
137 2749 205 2782 03111
231 2749 316 2775 111οά0
340 2750 437 2775 l’altro
454 2750 546 2783 figlio,
566 2750 745 2783 illegIttimo,
764 2749 865 2783 ch’egll
885 2750 961 2779 ebbe,
980 2749 1030 2774 do-

73 2791 99 2820 «χ’
137 2792 212 2817 veste
229 2799 319 2817 essere
331 2791 476 2822 soffredo,
490 2794 576 2818 eonte
588 2792 619 2818 dl
631 2792 754 2826 Ragusa,
769 2791 791 2817 il
805 2791 888 2824 quale
901 2792 948 2817 nel
964 2798 1032 2817 1120

70 2830 88 2880 i
137 2830 152 2858 ὲ
169 2840 274 2860 ancora
286 2835 402 2860 vivente
414 2835 448 2860 ed
465 2834 481 2861 ὲ
500 2835 608 2860 inoltre
627 2834 715 2867 padre
728 2835 759 2859 di
777 2836 892 2867 quattro
910 2834 972 2867 figli
992 2832 1030 2868 (v.

135 2873 218 2902 l'ltho
237 2875 266 2901 di
286 2876 433 2902 conferma
452 2876 537 2902 d’una
555 2884 606 2902 sua
625 2876 786 2902 donuione
799 2877 829 2901 111
844 2876 942 2901 favore
956 2875 1031 2901 della

28 2907 31 2927 ³
74 2899 105 2948 1,
138 2917 231 2943 chiesa
249 2919 278 2944 di
298 2917 429 2951 Catanh,
445 2920 475 2944 ln
488 2918 592 2950 Ριιιιο,
605 2917 626 2950 Ι,
642 2918 716 2950 515).
751 2918 794 2943 Fu
813 2918 834 2942 il
854 2925 904 2943 suo
924 2917 1030 2943 disetto

25 2958 34 2970 ‘²
90 2977 102 2999 :f
138 2959 168 2985 dl
186 2960 299 2994 origine
315 2961 367 2986 0110
384 2961 426 2995 gli
444 2961 522 2987 vieto
542 2961 573 2986 di
591 2961 756 2994 pretendere
775 2968 792 2985 o
805 2960 836 2985 di
850 2966 939 2985 essere
958 2960 1031 2985 desl-

54 3015 55 3018 ¹
72 3026 92 3047 ‚5
139 3002 226 3035 ‘nato
243 3002 302 3028 alls
320 3004 498 3028 successione
518 3004 645 3037 paterna.

272 3119 532 3153 T.V,p.1-—7.

1164 1524 1282 1554 Orbene‚
1302 1525 1330 1549 la
1350 1525 1517 1549 miserevole
1529 1527 1606 1549 sorte
1618 1525 1664 1549 del
1683 1525 1814 1551 lebbroso
1834 1525 1967 1550 Goffredo

1076 1575 1134 1592 non
1147 1568 1184 1593 ha
1197 1575 1332 1600 persuaso
1345 1568 1462 1600 qualche
1474 1568 1615 1600 studioso,
1631 1575 1709 1592 come
1722 1568 1744 1592 11
1759 1567 1883 1597 Gnum.
1896 1569 1967 1593 Ade—

1075 1609 1145 1634 latae
1162 1617 1220 1639 ecc„
1238 1617 1252 1633 e
1273 1608 1395 1641 Goffiedo
1407 1609 1533 1641 figliuolo
1551 1609 1595 1633 ael
1619 1609 1695 1633 Gran
1722 1610 1801 1634 Conte
1825 1610 1966 1642 Ruggtaero,

1077 1653 1107 1677 ln
1126 1651 1280 1676 Rendic.
1308 1651 1441 1675 Accad.
1461 1651 1633 1676 Acireale
1652 1652 1708 1683 cit.²
1729 1651 1853 1682 vol.V1,
1873 1651 1900 1676 S.
1919 1651 1966 1682 111,

1076 1702 1104 1727 p.
1128 1700 1184 1728 195,
1206 1694 1228 1719 il
1241 1694 1323 1727 quale
1337 1694 1455 1719 avrebbe
1468 1695 1561 1719 scorto
1575 1694 1676 1719 alcune
1689 1695 1769 1727 gravi
1784 1694 1968 1719 discordanze

1078 1739 1122 1762 nei
1135 1738 1281 1763 resoconti
1294 1737 1340 1762 dei
1352 1739 1395 1762 tre
1407 1736 1628 1762 summentovati
1643 1737 1774 1762 cronlsti.
1805 1737 1968 1762 Diffidando

1076 1780 1177 1813 qulndi
1197 1780 1270 1805 delle
1289 1781 1413 1804 versioni
1435 1780 1464 1804 di
1483 1781 1605 1808 costoro,
1618 1787 1632 1804 e
1645 1786 1735 1804 messo
1748 1781 1924 1813 soprattutto
1938 1780 1968 1803 in

1078 1824 1204 1855 sospetto
1224 1822 1271 1847 dal
1291 1822 1419 1851 silenzio,
1437 1821 1488 1846 che
1507 1822 1548 1853 gli
1563 1829 1666 1855 appare
1678 1821 1843 1851 deliberato,
1857 1822 1902 1846 del
1922 1822 1969 1850 M.,

1077 1865 1100 1890 ll
1119 1863 1215 1890 Garufi
1227 1865 1328 1897 ripone
1342 1865 1440 1889 invece
1453 1864 1481 1888 la
1494 1871 1544 1888 sua
1558 1865 1718 1889 attenzione
1731 1871 1816 1896 sopra
1828 1871 1884 1888 una
1898 1864 1970 1888 serie

1077 1907 1106 1932 di
1126 1907 1257 1941 diplomi,
1277 1906 1324 1931 dai
1343 1906 1423 1939 quali
1442 1906 1626 1931 risulterebbe
1644 1906 1694 1931 che
1713 1905 1848 1931 Goffredo
1868 1907 1971 1931 viveva

1078 1956 1182 1975 ancora
1200 1949 1246 1974 nel
1267 1956 1351 1982 1094:
1371 1948 1445 1982 dopo
1465 1949 1644 1982 quest’epoca
1662 1948 1686 1972 ll
1705 1956 1756 1973 suo
1770 1955 1853 1973 nome
1872 1947 1970 1973 defini-

1076 1992 1232 2017 tivamente
1244 1998 1391 2023 scompare
1404 1990 1452 2015 dai
1465 1990 1628 2015 documenti
1643 1990 1717 2015 della
1737 1990 1906 2015 cancelleria
1925 1990 1970 2014 del

1078 2035 1170 2067 primo
1195 2032 1289 2058 Conte
1313 2033 1342 2057 di
1368 2031 1469 2057 Sicilia
1494 2031 1614 2066 (mentre
1634 2032 1655 2057 il
1675 2031 1812 2057 Goffredo
1831 2032 1861 2056 di
1880 2031 1934 2056 due
1954 2039 1971 2055 o

1078 2077 1120 2100 tre
1138 2077 1215 2101 carte
1240 2075 1285 2100 del
1304 2075 1427 2100 secondo
1446 2075 1584 2099 decennio
1604 2074 1649 2099 del
1669 2082 1722 2099 sec.
1740 2074 1793 2099 XII
1812 2081 1869 2098 non
1888 2071 1903 2098 ὲ
1921 2073 1972 2098 che

1078 2117 1101 2142 11
1120 2117 1265 2143 rleordato
1284 2116 1418 2142 Goffredo
1437 2117 1465 2141 di
1486 2117 1619 2150 Ragusa).
1656 2117 1711 2148 Ma,
1725 2118 1803 2142 tutto
1823 2117 1970 2147 sommato,

1079 2159 1114 2185 da
1132 2162 1230 2192 queste
1249 2159 1377 2193 semplici
1397 2167 1535 2193 premesse
1555 2166 1612 2184 non
1633 2159 1716 2184 credo
1735 2166 1820 2191 possa
1834 2158 1972 2183 ricavsrsl

1079 2202 1273 2235 un’lllazione,
1292 2203 1320 2227 10
1338 2203 1427 2234 quale,
1446 2210 1495 2235 per
1517 2204 1623 2234 quanto
1637 2203 1884 2235 apparentemente
1897 2201 1972 2226 assai

1080 2246 1250 2278 suggestiva,
1269 2246 1358 2270 riesca
1377 2252 1394 2269 a
1413 2245 1540 2278 spiegare
1560 2245 1582 2269 il
1604 2244 1726 2269 silenzio
1746 2244 1790 2269 del
1810 2244 1972 2269 malaterra.

1079 2286 1111 2312 In
1130 2287 1223 2319 breve,
1236 2287 1329 2320 questi
1347 2287 1466 2312 avrebbe
1479 2288 1590 2311 taciuto
1604 2286 1654 2311 che
1668 2285 1810 2311 Gossredo
1833 2285 1847 2299 ‘¹
1857 2285 1972 2310 sarebbe

1082 2328 1180 2354 “stato
1199 2330 1316 2354 vittima
1335 2329 1402 2354 d’un
1420 2329 1505 2354 basso
1519 2329 1629 2362 intrigo
1643 2328 1671 2353 di
1686 2330 1765 2354 corte
1774 2346 1798 2360 m
1819 2328 1916 2352 ordiieo
1936 2328 1972 2352 da

1080 2370 1226 2400 Adelaide,
1245 2379 1294 2404 per
1311 2371 1457 2404 garantire
1470 2370 1499 2395 10
1512 2372 1689 2396 successione
1707 2371 1753 2395 del
1767 2370 1832 2395 suoi
1845 2369 1970 2402 figliuoli

1079 2419 1094 2437 e
1113 2412 1141 2437 10
1158 2419 1298 2446 reggenza
1316 2412 1347 2437 di
1366 2413 1403 2437 lei
1424 2413 1501 2437 nella
1514 2410 1652 2437 minorita
1672 2412 1831 2438 dell’erede.

1166 2455 1294 2480 Nessuna
1307 2455 1545 2480 contraddizione
1558 2456 1642 2480 esiste
1656 2455 1699 2479 fra
1712 2454 1738 2479 le
1752 2454 1973 2487 sopraccennate

1081 2497 1313 2522 testimonianze:
1335 2497 1355 2520 il
1376 2496 1414 2521 M.
1439 2496 1502 2521 dlce
1522 2496 1572 2521 che
1596 2495 1731 2521 Goffredo
1750 2495 1782 2521 fu
1808 2496 1919 2529 colpito
1938 2495 1974 2519 da

1080 2537 1228 2564 lnfermlta
1246 2539 1434 2568 inesorabile;
1455 2539 1623 2563 l’Anonimo
1636 2539 1778 2571 agglunge
1790 2538 1848 2567 che,
1861 2545 1878 2562 a
1892 2543 1975 2562 causa

1082 2580 1113 2605 dl
1131 2582 1229 2613 questo
1248 2580 1328 2612 male,
1350 2580 1464 2605 sarebbe
1476 2582 1554 2605 stato
1567 2581 1715 2604 rinchiuso
1727 2581 1756 2604 in
1770 2587 1809 2604 un
1823 2580 1973 2609 convento,

1083 2623 1224 2648 essendosi
1251 2623 1397 2656 dileguata
1417 2623 1445 2648 10
1464 2630 1600 2656 speranza
1620 2622 1669 2646 che
1688 2622 1716 2647 la
1736 2623 1813 2646 corte
1837 2628 1926 2646 aveva
1945 2621 1975 2645 dl

1083 2665 1216 2691 salvat-lo.
1253 2665 1308 2691 Fra
1332 2665 1458 2696 SImone,
1478 2665 1574 2696 infine,
1593 2665 1772 2690 conoscendo
1797 2664 1848 2689 che
1865 2671 1920 2688 con
1947 2663 1974 2688 la

1083 2707 1178 2733 lebbra
1196 2707 1390 2733 difficilmente
1410 2708 1435 2732 si
1461 2708 1549 2732 riesee
1576 2715 1590 2732 n
1616 2713 1759 2739 scampare
1779 2706 1855 2731 dalla
1874 2707 1973 2734 morte,

1085 2749 1112 2774 fa
1132 2750 1236 2775 morire
1255 2749 1387 2775 Goffredo
1414 2749 1459 2774 nel
1486 2756 1561 2782 1092,
1587 2751 1695 2774 mentre
1719 2748 1876 2781 dell’epoca
1901 2747 1977 2772 della

1085 2799 1133 2817 sua
1150 2791 1206 2817 fine
1231 2792 1311 2818 nulla
1335 2791 1555 2817 effettivamente
1581 2789 1639 2824 puo
1664 2790 1745 2815 dirsi.
1782 2788 1823 2815 Ne
1848 2791 1976 2815 esistono

1085 2834 1313 2859 contraddizioni
1334 2834 1378 2859 fra
1397 2835 1492 2866 queste
1512 2833 1734 2857 testimonianze
1752 2839 1767 2856 e
1787 2831 1975 2856 idocumenti

1085 2875 1197 2902 addotti
1222 2876 1270 2901 dal
1296 2875 1401 2901 Gai-uti.
1438 2875 1467 2900 Si
1489 2876 1552 2900 noti
1578 2875 1627 2907 poi
1653 2881 1733 2899 come
1751 2874 1774 2899 11
1797 2874 1835 2898 Μ.
1856 2881 1915 2899 non
1941 2871 1977 2898 da

1085 2918 1187 2944 alcuna
1206 2918 1385 2944 indicazione
1403 2917 1601 2950 cronologica3
1626 2917 1714 2942 lascis.
1737 2916 1864 2941 soltanto
1884 2916 1976 2940 inten-

1085 2960 1148 2986 dere
1166 2961 1217 2986 che
1229 2961 1274 2986 nel
1291 2967 1358 2994 ¹09²
1372 2959 1515 2989 Goffredo,
1535 2959 1648 2992 colplto
1662 2958 1739 2984 dalla
1753 2959 1858 2989 lebbra,
1872 2959 1975 2983 veniva

1084 3001 1132 3036 gli
1142 3002 1178 3028 ds
1191 3003 1320 3036 psrecchl
1334 3002 1444 3028 escluso
1455 3001 1528 3027 dalla
1540 3002 1717 3027 successione
1727 3001 1778 3026 che
1787 3001 1829 3034 gu
1840 3002 1977 3033 spettava.

1995 1616 2030 1642 40

1997 1829 2030 1855 45

1999 2041 2033 2066 50

2000 2248 2030 2274 55

2006 2882 2039 2907 70
