2320 3424
854 231 1204 270 PREFAZIONE
1840 234 1958 270 XLV

56 344 78 413 ’ᾗ
98 357 264 405 poetico,
297 356 366 393 che
403 368 511 404 possa
539 357 630 393 farla
657 357 878 394 riannodare
906 358 1077 406 all’epica
1104 359 1268 395 floritura
1297 358 1357 395 del
1385 359 1514 396 secolo
1550 359 1618 395 XI.
1674 359 1703 395 11
1739 365 1866 407 poeta,
1894 372 1961 407 per

75 417 79 455 1
98 419 276 468 esempio,
308 420 339 456 si
367 419 589 455 entusiasma
617 431 682 466 per
709 421 745 456 la
771 420 994 457 fondazione
1022 421 1118 458 della
1145 421 1344 458 cattedrale
1382 421 1420 457 di
1452 422 1605 458 Troina.
1662 421 1728 458 Ma
1755 422 1853 470 quali
1882 422 1960 459 fan-

79 525 82 529 ,
98 482 206 520 tasmi
234 482 264 518 si
282 485 505 529 presentano
533 481 604 517 alla
632 494 696 518 sua
724 483 909 519 fantasia?
962 484 1027 520 Un
1054 485 1209 531 tempi0‚
1239 484 1307 520 che
1335 484 1364 520 si
1385 489 1492 520 trova
1509 484 1547 520 in
1566 485 1626 521 via
1645 485 1684 521 di
1712 486 1958 531 costmzione,

75 557 135 591 10,
163 555 234 581 una
262 543 366 580 volta
393 543 510 589 finito,
539 543 709 580 officiato
737 543 784 580 da
813 558 861 581 un
888 545 989 582 clero
1016 556 1241 583 numeroso:

556 623 676 662 Templi
688 624 773 662 jacit
786 624 1000 662 fundamenta
1024 627 1057 655 in
1081 627 1155 656 urbe
1186 627 1340 659 Troinica.

589 677 646 707 Ad
664 677 748 716 quod
761 680 909 717 perstans
932 679 1097 715 studiosus,
1124 691 1198 710 aevo
1222 681 1308 711 brevi
1329 683 1466 720 superat.

544 731 727 770 Laquearia
751 734 897 762 tectorum
922 733 1067 772 ligantur
1089 735 1251 769 ecclesiae,-

586 783 728 814 Parietes
750 784 963 824 dipinguntur
984 786 1105 816 diverso
1128 787 1287 818 bitumine.

552 837 759 868 Consecratur
780 839 814 868 in
837 839 952 869 honore
977 841 1112 878 virginis
1135 841 1336 879 Puerperae:

593 891 702 921 Multa
724 892 791 922 dote
814 895 1047 931 augmentatur,
1076 895 1169 923 terris
1192 896 1256 924 sive
1278 895 1413 926 decimis.

552 945 753 976 Ornamentis
769 946 930 985 palliatur
951 949 982 977 et
1003 947 1135 977 diversis
1157 949 1262 986 copiis.

594 999 749 1030 Cathedra
765 1000 971 1041 pontificatus
994 1001 1184 1031 sublimatur
1207 1002 1329 1040 infulis.

544 1053 640 1083 Sacer
662 1054 763 1084 clerus
785 1057 1018 1093 augmentatur,
1039 1058 1138 1094 prout
1159 1058 1301 1094 sumptus
1323 1057 1467 1095 suppetit.

589 1107 714 1137 Altaris
737 1118 822 1143 vasa,
849 1108 900 1138 vel
920 1109 1021 1143 vestis,
1045 1108 1214 1147 plusquam
1238 1109 1318 1139 clero
1341 1109 1473 1148 sufficit.-

554 1160 759 1197 Candelabra‚
786 1171 899 1197 cruces,
927 1164 1042 1197 textus,
1069 1172 1189 1197 acerra,
1217 1163 1381 1198 thuribuli,

593 1215 648 1247 Ex
670 1215 795 1246 metallo
817 1216 912 1254 signa
932 1216 1028 1256 fiunt,
1048 1216 1171 1255 plebem
1194 1217 1373 1248 invitantia.

546 1268 716 1299 Melodizat
736 1279 824 1300 sacer
845 1270 946 1300 clerus
969 1270 1101 1308 hymnos
1122 1271 1221 1300 sacris
1244 1271 1407 1305 laudibus,-

589 1322 727 1354 Praesul
746 1324 838 1354 verba
861 1334 968 1354 sacrae
991 1324 1071 1363 legzs
1093 1325 1227 1354 seminat
1249 1325 1284 1354 in
1302 1325 1448 1363 gentibus
1457 1338 1469 1356 .-

547 1376 688 1406 Divinus
710 1377 811 1407 cultus
833 1379 1020 1408 accrescitur
1034 1377 1184 1417 pluribus
1206 1378 1407 1409 credentibus.

593 1430 655 1461 Cui
675 1430 760 1461 debet
780 1431 835 1461 hoc
857 1431 981 1467 ascribi,
1009 1433 1076 1462 nisi
1095 1434 1181 1463 tanto
1197 1433 1342 1471 principi
1353 1433 1372 1462 ?
1385 1430 1394 1448 ¹

58 1490 64 1502 ’
185 1503 544 1551 Rappresentazioni
563 1503 632 1539 che
650 1504 680 1538 si
698 1504 914 1541 succedono
933 1516 1006 1541 con
1026 1503 1227 1549 disordine‚
1246 1517 1356 1541 senza
1377 1503 1487 1541 alcun
1505 1505 1614 1540 soffio
1633 1504 1670 1540 di
1690 1517 1778 1541 vera
1805 1506 1931 1552 poesia
1948 1503 1965 1540 1·

54 1559 63 1640 ἲ
98 1565 190 1603 Non
216 1577 328 1601 meno
363 1565 455 1614 goffi
491 1576 584 1601 sono
620 1566 632 1600 i
669 1565 845 1603 ventidue
882 1567 978 1603 versi
1014 1566 1052 1602 di
1084 1567 1246 1614 quindici
1273 1566 1413 1611 sillabe,
1442 1566 1614 1603 destinati
1651 1579 1670 1603 a
1709 1567 1897 1603 celebrare
1926 1567 1960 1602 la

52 1652 63 1674 -,
99 1629 238 1665 nascita
266 1628 304 1665 di
331 1628 494 1665 Simone.
549 1630 702 1665 Eceone
731 1641 779 1665 un
807 1629 950 1677 saggio,
977 1629 1032 1665 sia
1059 1641 1150 1677 pure
1178 1641 1253 1665 non
1281 1629 1342 1666 del
1371 1636 1467 1666 tutto
1495 1636 1728 1678 opportuno:

547 1708 774 1748 Impregnatur
795 1719 831 1739 ac
850 1712 1019 1748 gravatur,
1047 1711 1159 1740 matris
1180 1710 1323 1750 gaudens
1347 1712 1454 1740 uterus

591 1761 780 1794 Intumescit.
828 1762 942 1802 Infans
965 1764 1073 1794 crescit
1095 1766 1228 1794 naturae
1250 1764 1445 1796 successibus.

551 1815 632 1846 Orat
646 1818 750 1855 pater,
777 1816 834 1847 sed
852 1819 883 1847 et
903 1819 1012 1853 mater,
1041 1817 1156 1853 Deum,
1185 1820 1221 1848 ut
1242 1819 1284 1848 sit
1306 1818 1473 1849 masculus.

592 1869 707 1909 Implet
727 1872 798 1900 vota
810 1870 924 1909 forma
946 1874 1019 1907 tota,
1046 1871 1121 1902 dum
1144 1881 1248 1902 semen
1270 1872 1425 1911 coagulat.

548 1924 603 1954 Fit
623 1927 740 1955 natura
754 1925 829 1963 jam
851 1935 962 1956 secura
985 1925 1075 1965 infra
1098 1927 1211 1957 matris
1233 1927 1363 1958 viscera.

590 1978 702 2008 Nonus
725 1979 840 2009 mensis
862 1982 915 2018 spe
937 1980 1096 2019 suspensis
1118 1981 1162 2010 sic
1179 1983 1296 2019 partus
1318 1980 1476 2012 accelerat.

547 2030 661 2068 Infans
678 2032 796 2070 prodit.
843 2032 963 2063 Nullus
985 2033 1058 2065 odit.
1106 2033 1160 2063 Fit
1181 2035 1283 2064 cuntis
1306 2034 1437 2065 laetitia.

594 2085 775 2116 obstetrices
796 2089 870 2116 sunt
882 2086 995 2125 felices
1018 2087 1062 2117 aa'
1082 2088 1181 2118 maris
1204 2088 1328 2118 inditia.

545 2139 721 2169 Nuntiatus
736 2142 822 2178 puer
844 2142 938 2170 natus
961 2151 1040 2171 nova
1056 2144 1201 2180 praestat
1218 2142 1341 2181 gaudia
1354 2154 1367 2176 ,-

588 2193 695 2223 Mater
715 2193 814 2229 audit,
841 2194 923 2224 unde
939 2194 1077 2234 plaudit,
1096 2195 1144 2235 fit
1165 2195 1280 2225 doloris
1303 2196 1416 2226 nescia.

545 2247 742 2278 Festinatur:
766 2248 934 2278 nuntiatur
956 2248 1030 2279 haec
1046 2250 1140 2287 patri
1160 2249 1282 2279 laetitia
1293 2247 1316 2281 ¹.

189 2329 308 2365 Come
336 2339 403 2376 per
430 2329 556 2364 eventi
583 2328 695 2364 simili
722 2328 749 2365 il
777 2329 979 2366 Malaterra
1005 2336 1143 2366 mostra
1170 2330 1208 2367 di
1237 2331 1512 2368 commuoversi
1540 2342 1561 2366 e
1598 2343 1668 2366 con
1703 2330 1800 2367 versi
1838 2330 1875 2367 di
1908 2331 1957 2367 tal

54 2405 57 2442 2
98 2400 238 2437 genere
263 2389 381 2426 rivela
407 2389 442 2426 le
468 2390 658 2438 immagini
687 2390 846 2428 deformi
866 2391 927 2427 del
947 2403 1015 2428 suo
1033 2398 1225 2440 grottesco
1253 2392 1393 2429 mondo
1422 2393 1587 2440 poetico,
1615 2393 1686 2429 alla
1714 2398 1826 2428 stessa
1856 2393 1959 2439 guisa

50 2464 55 2494 ζ
99 2451 222 2489 alcuni
257 2452 381 2489 trionfi
409 2452 505 2490 delle
532 2453 624 2490 armi
650 2465 856 2490 normanno
883 2454 936 2502 gli
962 2454 1073 2490 fanno
1100 2455 1268 2492 tradurre
1299 2455 1457 2493 l'intima
1489 2457 1685 2492 emozione
1722 2456 1758 2491 in
1787 2455 1957 2492 esametri

51 2507 55 2514 ⁵
99 2513 248 2560 leonini,
276 2514 301 2550 il
329 2525 437 2551 verso
464 2527 531 2562 per
557 2515 606 2551 lui
635 2515 673 2552 di
700 2516 764 2563 pin
792 2516 951 2564 agevole
979 2517 1125 2553 fattura.
1182 2518 1216 2554 E
1234 2530 1281 2554 ne
1302 2518 1418 2563 detta,
1440 2518 1489 2554 ad
1507 2519 1686 2565 esempio,
1718 2529 1739 2553 a
1766 2517 1958 2564 proposito

48 2570 60 2626 fs
100 2575 160 2613 dei
186 2577 422 2624 preparativi‚
451 2577 519 2614 che
548 2577 573 2613 il
602 2578 808 2615 Guiscardo
836 2579 970 2615 veniva
1007 2578 1164 2616 facendo
1201 2592 1266 2626 per
1303 2580 1338 2617 la
1374 2581 1586 2629 spedizione
1623 2585 1758 2616 contro
1786 2579 1958 2627 l'Impero

53 2649 57 2666 ἰ
99 2638 288 2676 bizantino
303 2638 344 2686 ³3
372 2652 440 2689 per
467 2640 640 2677 l’assedio
669 2652 690 2677 e
719 2641 756 2677 la
784 2640 917 2678 caduta
936 2641 974 2678 di
993 2643 1194 2680 Taormina
1208 2640 1232 2689 ⁴,
1253 2643 1289 2679 di
1309 2644 1425 2680 Cinisi
1444 2656 1465 2680 e
1484 2644 1522 2680 di
1550 2640 1692 2692 Jato⁵;
1722 2655 1743 2679 e
1771 2655 1956 2691 compone

101 2701 244 2751 perfino
270 2702 408 2738 un'ode
437 2702 670 2751 asclepiadea
707 2715 773 2750 per
800 2703 974 2742 l'assedio
1002 2704 1039 2741 di
1068 2705 1240 2742 Durazzo
1253 2703 1278 2741 ⁶.
1333 2706 1374 2742 In
1402 2707 1520 2754 questi
1548 2706 1707 2742 abbozzi
1736 2705 1885 2752 poetici,
1919 2716 1958 2741 se

48 2782 53 2798 s
101 2775 177 2800 non
204 2763 266 2800 v’b
293 2764 329 2801 la
356 2770 478 2801 strana
504 2765 711 2813 goffaggine
740 2764 801 2802 dei
829 2765 900 2803 due
929 2768 1074 2815 squarci
1100 2778 1143 2804 su
1170 2768 1352 2815 fiper-tati,
1381 2769 1410 2804 si
1440 2773 1591 2805 avverte
1619 2768 1742 2804 subito
1771 2766 1955 2804 l’artificio

46 2833 56 2871 f
100 2825 199 2863 della
226 2827 503 2875 composizione
532 2839 553 2863 e
581 2828 618 2864 la
645 2827 839 2864 fi-eddezza
866 2828 962 2866 delle
991 2830 1195 2877 immagini.

191 2945 199 2963 ¹
219 2947 416 2978 Maium-anu.
437 2947 487 2979 111,
507 2954 550 2973 21.
1004 2964 1008 2969 -
1148 2949 1159 2967 ⁴
1177 2951 1227 2980 11³„
1249 2949 1290 2977 18.

191 2987 203 3006 ²
219 2989 270 3020 Iu..
288 2989 336 3023 1v,
361 2997 402 3023 ¹9·
919 2998 925 3003 ·
1149 2992 1159 3008 ⁵
1177 2994 1228 3023 Iu..
1249 3001 1291 3027 23.

180 3030 203 3049 ·⁸
220 3031 270 3063 In..
288 3031 336 3063 111,
359 3040 398 3066 ¹4-
1149 3034 1161 3052 ⁶
1180 3036 1229 3069 10„
1251 3043 1293 3069 25.
