2320 3424
168 1340 240 1363 Μυκ..
257 1346 294 1365 55⁴

288 2682 320 2700 10

289 2940 319 2966 15

360 196 403 231 16
935 193 1210 230 GAUFREDI
1241 191 1622 229 MALATERRAE
2039 199 2089 235 [Α.
2112 200 2206 237 105⁴}

348 329 427 350 cum
449 319 581 350 honore
605 317 781 350 conduxit.
828 316 900 349 Ubi
923 326 1005 349 vero
1030 316 1205 348 licentiam
1229 316 1399 349 redeundi
1416 316 1588 348 concessit
1601 317 1621 358 ¹,
1646 315 1682 348 in
1697 315 1863 359 Apuliam
1879 326 2050 356 reversus,
2067 327 2205 350 omnem

348 378 472 404 terram
497 371 668 412 placidam
694 376 728 402 et
751 370 816 402 sibi
840 369 1084 401 oboedientem
1109 369 1254 406 invenit,
1279 379 1382 412 quam
1408 369 1510 412 longo
1534 374 1692 410 tempore
1725 374 1820 401 tanta
1849 370 1886 401 in
1917 380 2006 412 pace
2037 371 2138 410 rexit,
2168 377 2207 404 ut

350 424 410 456 vix
431 424 466 455 in
490 423 605 465 aliquo
629 429 784 464 tempore
807 433 889 454 suae
913 422 1157 455 dominationis
1180 421 1279 460 latro,
1302 422 1357 455 vel
1374 422 1517 464 praedo,
1535 420 1604 454 'vel
1621 422 1678 465 qui
1695 422 1765 455 suis
1780 422 1936 465 imperiis
1963 423 2204 457 contradicere

348 478 501 516 auderet,
525 483 641 518 posset
664 476 820 509 inveniri.
867 475 963 507 Duos
986 476 1103 518 itaque
1120 476 1245 508 fratres
1261 486 1342 508 suos
1358 476 1503 508 comites
1519 475 1615 514 fecit,
1631 475 1841 519 Malgerium
1859 474 2098 519 Capitanatae,
2113 477 2205 511 Wil-

346 531 483 562 lelmum
507 540 590 562 vero
614 529 651 561 in
674 529 887 572 Principatu.
935 529 1006 561 Sed
1029 528 1228 572 Malgerius,
1252 529 1415 568 moriens,
1440 540 1518 562 cum
1543 539 1680 562 omnem
1698 530 1899 563 comitatum
1912 541 2010 563 suum
2025 530 2203 564 Willelmo
2255 534 2271 542 ·’

347 584 446 616 fratri
470 583 674 625 reliquisset,
697 581 916 620 'Willelmus,
942 581 1150 615 Gaufridum
1174 582 1318 614 fratrem
1343 593 1440 614 suum
1466 582 1628 626 diligens,
1654 583 1686 614 ei
1710 583 1892 618 concessit.

432 689 528 722 XVI.
553 708 589 712 -
613 689 790 721 Robertus
805 699 889 721 vero
907 689 1130 728 Guiscardus,
1147 699 1225 721 cum
1243 689 1336 731 apud
1351 689 1523 722 Scriblam
1535 695 1738 729 moraretur,
1754 690 1923 724 Calabros
1938 692 2076 724 fortiter
2090 692 2204 735 impu-
2255 689 2259 697 ⁴

345 753 466 786 gnans,
490 753 568 774 cum
591 743 728 775 videret
751 753 830 775 suos
854 748 999 784 propter
1022 742 1255 774 infirmitatem
1279 743 1349 774 loci
1366 749 1400 774 et
1417 742 1505 775 aeris
1521 739 1758 776 diversitatem
1776 744 2013 788 languescere,
2029 745 2201 778 saniorem

348 796 459 828 locum
484 795 670 838 expe'tens‚
694 806 763 828 non
787 795 928 839 quidem
951 802 988 828 ut
1011 796 1151 827 timidus
1173 796 1292 828 hostes
1316 796 1508 828 devitando
1530 801 1720 829 retrorsum
1742 797 1885 837 vadens,
1902 798 2038 843 longius
2054 798 2202 842 recepit.
2251 819 2254 826 ·

345 849 416 881 Sed
439 849 564 891 potius,
587 849 684 892 quasi
708 849 745 880 in
769 849 903 882 hostem
928 849 1012 887 iens,
1036 850 1071 880 in
1097 849 1303 882 viciniorem
1327 859 1363 881 se
1388 849 1587 888 cometem,
1618 855 1781 889 castrum,
1812 851 1906 895 quod
1937 851 2059 885 Sancti
2087 851 2203 885 Marci
2229 843 2271 887 1'

343 902 482 941 dicitur,
506 902 653 935 firmavit
666 902 689 935 ².
737 902 807 935 Sed
831 913 920 941 cum,
944 903 1076 935 firmato
1102 909 1227 940 castro,
1244 903 1329 946 quid
1345 903 1458 935 victus
1481 903 1721 936 introduceret
1735 914 1806 937 non
1822 905 1996 938 inveniret
2012 925 2054 930 --
2069 905 2202 939 abstra-
2257 930 2260 935 .

342 961 463 988 xerant
485 956 575 988 enim
599 956 910 988 circummanentes
934 957 979 988 ad
1002 956 1159 998 proxima
1176 962 1289 989 castra
1306 966 1466 999 quaeque
1481 956 1668 996 habebant,
1684 969 1729 989 ne
1745 958 1790 990 ab
1806 958 1890 1001 ipsis
1906 959 2142 1002 diriperentur
2156 977 2199 982 —

342 1010 490 1051 quodam
514 1020 659 1051 vespere
687 1009 835 1052 dapifer,
861 1010 918 1052 qui
942 1010 1036 1041 omni
1060 1009 1178 1042 domui
1201 1020 1282 1042 suae
1305 1016 1476 1052 praeerat,
1499 1010 1680 1053 requisivit
1702 1004 1838 1053 abipso
1854 1012 1939 1055 quid
1961 1012 1998 1045 in
2013 1012 2199 1046 crastinum

343 1062 525 1095 comesturi
551 1070 647 1094 erant
670 1063 744 1105 ipse
770 1069 804 1095 et
827 1063 957 1095 milites
980 1063 1053 1095 sui:
1085 1063 1206 1095 dicens
1237 1073 1274 1095 se
1307 1073 1421 1106 neque
1452 1063 1592 1102 victum,
1624 1064 1687 1097 sed
1717 1075 1830 1108 neque
1861 1065 1945 1098 victi
1975 1065 2124 1109 pretium
2154 1065 2200 1099 ad
2254 1096 2260 1107 ,

343 1116 525 1148 emendum
550 1115 698 1154 habere;
723 1122 758 1148 et
782 1117 809 1147 si
833 1117 982 1158 pretium
1007 1116 1162 1154 haberet,
1186 1127 1366 1160 nusquam,
1383 1116 1443 1149 ubi
1459 1127 1538 1150 cum
1555 1128 1642 1160 pace
1659 1118 1749 1150 adiri
1763 1124 1891 1162 posset.
1907 1119 2067 1152 invenire
2081 1129 2196 1162 posse.
2224 1114 2275 1156 15

344 1169 556 1202 Guiscardus
579 1179 687 1212 usque
715 1170 760 1202 ad
775 1170 969 1212 sexaginta,
985 1180 1072 1213 quos
1088 1170 1231 1203 Sclavos
1248 1170 1436 1213 appellant,
1451 1171 1557 1204 totius
1573 1170 1756 1204 Calabriae
1772 1182 1909 1216 gnaros,
1925 1182 2043 1206 secum
2056 1172 2198 1211 habens,
2273 1165 2276 1174 '

343 1233 428 1266 quos
463 1223 562 1266 quasi
596 1223 721 1256 fratres
757 1223 976 1256 fidelissimos
1011 1223 1075 1256 sibi
1114 1224 1312 1257 benefactis
1350 1230 1385 1257 et
1422 1225 1611 1268 majoribus
1648 1225 1826 1267 promissis
1862 1226 2041 1266 effecerat,
2079 1226 2198 1259 scisci-

341 1282 430 1309 tatus
453 1283 504 1309 est
525 1276 570 1309 ab
594 1277 643 1309 eis
674 1283 786 1309 utrum
821 1277 936 1310 locum
967 1277 1131 1310 adibilem
1164 1278 1305 1317 scirent,
1329 1288 1396 1318 quo
1420 1278 1586 1320 praedam
1610 1285 1726 1321 posset
1749 1280 1841 1323 capi.
1888 1278 2026 1318 Quibus
2055 1289 2200 1323 respon-

345 1330 507 1362 dentibus
530 1340 567 1362 se
590 1331 680 1362 ultra
703 1330 886 1363 altissimos
908 1337 1053 1370 montes,
1076 1332 1132 1363 via
1156 1332 1449 1373 praeruptissima,
1472 1332 1509 1363 in
1531 1331 1732 1374 profun'dis
1754 1333 1902 1366 vallibus
1925 1333 2090 1376 praedam
2119 1343 2198 1376 per-
2269 1366 2272 1370 A

342 1385 522 1416 maximam
546 1384 647 1423 scire,
670 1385 733 1417 sed
756 1384 829 1416 sine
854 1395 980 1428 magno
1004 1384 1204 1417 discrimine
1229 1385 1366 1417 extrahi
1389 1395 1458 1418 non
1482 1396 1595 1428 posse,
1619 1385 1798 1419 Robertus
1819 1387 1887 1420 tale
1915 1387 2027 1420 fertur
2057 1387 2196 1420 dedisse
2219 1384 2274 1421 202}

341 1448 563 1480 responsumt
594 1439 607 1454 “
622 1437 698 1480 Eja,
720 1438 880 1470 tutissimi
904 1438 996 1471 vitae
1019 1448 1118 1471 meae
1142 1439 1306 1477 fautores,
1330 1440 1378 1472 ita
1402 1451 1445 1472 ne
1477 1439 1652 1482 patiemini
1685 1439 1915 1473 Guiscardum
1945 1446 1981 1475 et
2010 1450 2073 1474 vos
2102 1440 2197 1484 ipsos
2270 1444 2274 1448 ’

344 1491 359 1507 ⁴‘
374 1492 466 1523 fame
490 1491 587 1524 affici.
635 1491 747 1523 Causa
770 1491 883 1523 victus
905 1492 1112 1534 adquirendi
1137 1492 1242 1524 dubia
1265 1492 1405 1525 fortuna
1428 1503 1537 1536 usque
1561 1493 1596 1526 in
1619 1493 1776 1536 periculo
1800 1494 1890 1527 vitae
1914 1494 2117 1538 temptanda
2131 1499 2196 1528 est.

346 1547 360 1563 ‘⁴
376 1545 464 1577 Nam
487 1551 521 1577 et
542 1550 754 1587 temptantes
777 1555 881 1587 saepe
905 1545 1160 1588 triumphaliter
1183 1547 1333 1578 evasisse
1357 1546 1564 1586 audivimus,
1588 1547 1760 1580 neminem
1784 1558 1879 1587 vero,
1903 1548 1964 1592 qui
1988 1548 2081 1581 fame
2108 1548 2196 1582 {nte-

347 1600 361 1616 “
375 1599 485 1638 rierit,
507 1599 653 1631 laudari.
698 1599 749 1631 Ite
773 1618 814 1622 --
838 1599 950 1642 inquit
973 1618 1016 1622 —
1038 1600 1200 1632 nocturni
1225 1601 1440 1642 praedones!
1466 1601 1626 1634 Ebrietas
1649 1601 1817 1635 Calabros
1839 1601 1952 1635 minus
1974 1601 2098 1646 vigiles
2119 1611 2195 1635 esse

347 1652 563 1694 “permittitz
586 1662 666 1683 nam
690 1658 724 1683 et
748 1651 839 1684 hunc
864 1652 955 1685 diem
979 1652 1152 1685 celebrem
1176 1652 1355 1691 habentes,
1379 1664 1423 1687 ex
1447 1663 1542 1687 more
1567 1654 1735 1687 conviviis
1751 1660 1786 1688 et
1800 1654 2036 1698 potationibus
2051 1655 2193 1689 studue-
2215 1654 2275 1694 252

349 1706 466 1738 “runt.
513 1705 739 1738 Praeceditel
764 1705 962 1748 Subsequar
992 1705 1156 1738 militibus
1187 1707 1369 1747 armatis„.
1417 1707 1557 1751 Sicque,
1587 1707 1690 1740 le'cto
1720 1713 1853 1751 parato,
1886 1718 1964 1741 cum
1994 1708 2064 1753 jam
2087 1707 2196 1742 collo-
2280 1707 2281 1710 ’

343 1764 440 1790 catus
463 1764 566 1796 esset,
590 1759 635 1791 de
659 1764 773 1797 nocte,
797 1758 892 1790 nullo
915 1759 1058 1797 sciente,
1084 1769 1307 1802 consurgens,
1331 1761 1390 1792 vili
1412 1766 1510 1793 veste
1532 1767 1567 1793 et
1597 1761 1739 1803 scarpis,
1762 1761 1887 1804 quibus
1917 1772 1980 1805 pro
2010 1761 2195 1796 calceariis

343 1816 495 1849 utuntur,
519 1812 563 1843 ad
585 1811 842 1844 similitudinem
867 1811 1065 1844 abeuntium
1089 1823 1163 1845 sese
1192 1819 1324 1855 aptans,
1357 1814 1424 1846 illis
1454 1814 1590 1847 medius
1618 1815 1784 1859 jungitur.
1831 1815 1962 1859 Sicque
1992 1826 2056 1858 per
2087 1820 2195 1848 totam

342 1870 482 1897 noctem
505 1864 644 1907 ignotus
667 1875 785 1897 comes
808 1865 877 1897 illis
900 1865 1024 1904 factus,
1049 1866 1134 1898 nulli
1160 1877 1278 1899 eorum
1301 1867 1445 1900 verbum
1470 1868 1567 1900 fecit.
1614 1867 1705 1900 Nam
1727 1879 1840 1911 neque
1864 1868 2017 1902 excitare
2042 1868 2193 1911 volebat,
2280 1906 2286 1918 ,ἱ

344 1928 386 1950 ne
410 1918 500 1951 forte
524 1918 572 1950 ita
595 1919 671 1961 quis
694 1925 784 1951 esset
808 1919 1146 1961 deprehenderetur;
1171 1921 1251 1963 quia
1274 1921 1367 1953 enim
1392 1921 1547 1954 eiusdem
1569 1922 1684 1966 gentis
1707 1928 1815 1963 erant,
1838 1933 1908 1955 non
1939 1933 1981 1955 ex
2011 1927 2087 1956 toto
2117 1933 2192 1956 sese
2215 1923 2286 1957 30³

343 1971 509 2004 credebat
532 1971 611 2004 illis.
658 1971 778 2010 Porro,
801 1971 859 2004 ubi
884 1972 928 2004 ad
951 1972 1064 2005 locum
1087 1974 1239 2015 praedae
1264 1981 1404 2007 ventum
1437 1981 1499 2014 est,
1522 1975 1694 2018 quidquid
1725 1975 1775 2008 ibi
1804 1976 2014 2009 invenerunt
2042 1981 2126 2009 ante
2155 1985 2193 2009 se

346 2025 560 2069 colligentes,
582 2025 657 2067 ipse
682 2024 813 2058 crebris
836 2025 975 2058 saltibus
993 2032 1026 2059 et
1040 2026 1198 2060 vibrante
1215 2028 1341 2067 hastili,
1357 2035 1395 2061 ut
1409 2029 1570 2061 reditum'
1586 2029 1834 2069 accelerarent,
1850 2030 1964 2063 socios
1979 2029 2191 2063 hortabatur.

343 2079 426 2117 Sed,
450 2085 635 2122 antequam
658 2079 888 2118 illucesceret,
911 2080 948 2118 ii,
971 2079 1095 2123 quibus
1120 2081 1281 2113 damnum
1306 2081 1438 2115 illatum
1464 2083 1589 2120 fuerat,
1613 2093 1674 2116 sua
1697 2082 1812 2116 ablata
1828 2085 2097 2126 perpendentes,
2113 2093 2192 2117 cum

341 2132 501 2165 ducentis
524 2131 699 2170 militibus,
721 2137 760 2164 ut
782 2132 947 2174 praedam
971 2134 1156 2172 excutiant,
1181 2141 1417 2176 prosecuntur.
1464 2135 1512 2168 At
1535 2136 1758 2174 Gffiscardus,
1780 2137 2006 2180 insequentes
2022 2146 2194 2181 appr-ope·
2278 2175 2279 2178 Ἴ

341 2196 418 2218 rare
442 2185 575 2223 videns,
599 2190 634 2217 et
648 2185 772 2224 socios,
789 2195 832 2217 ne
847 2186 977 2228 praeda
993 2187 1120 2228 privari
1135 2188 1322 2229 patiantur,
1339 2198 1415 2222 sese
1431 2190 1478 2223 ad
1493 2189 1642 2223 invicem
1658 2191 1828 2223 audacter
1843 2191 2018 2224 cohortari
2033 2190 2191 2231 audiens,
2214 2189 2257 2224 ³5
2278 2211 2281 2213 -

435 2305 456 2322 1.
476 2297 561 2322 duxlt
579 2297 635 2322 sibi
654 2298 801 2323 licentiam
821 2298 847 2322 B
859 2311 892 2316 —
905 2305 928 2323 2.
948 2300 1029 2324 tanta
1048 2307 1096 2324 om.
1118 2301 1145 2324 Ρ
1156 2314 1189 2318 -
1209 2308 1232 2333 3.
1254 2301 1351 2333 aliquo
1371 2302 1437 2327 loco
1457 2303 1516 2328 ΡΑ
1530 2304 1553 2328 C
1570 2316 1581 2321 —
1600 2303 1645 2328 vel
1659 2303 1764 2336 praedo
1776 2311 1825 2328 om.
1838 2304 1867 2328 P
1878 2316 1910 2321 —
1925 2311 1950 2335 4.
1962 2303 2114 2336 Alget-ium
2128 2303 2191 2330 BD

344 2353 376 2356 —
396 2339 421 2364 6.
441 2339 525 2364 fratri
544 2346 595 2364 suo
615 2340 643 2364 P
659 2353 668 2357 -
687 2338 725 2373 ei]
746 2341 799 2364 sibi
820 2341 881 2365 PA
900 2354 933 2359 —-
954 2346 977 2372 7.
997 2340 1149 2374 Scriblam]
1169 2343 1276 2367 Xillam
1294 2345 1332 2373 B;
1353 2344 1454 2369 villam
1472 2346 1500 2370 D
1519 2360 1552 2364 —
1571 2353 1596 2378 9.
1616 2345 1730 2378 quidem
1747 2345 1843 2370 hostes
1857 2345 2012 2370 devitando
2027 2347 2058 2371 ut
2071 2345 2191 2371 timidus

343 2383 371 2406 P
386 2395 420 2399 —-
442 2389 485 2406 ιο.
503 2382 587 2406 hians
606 2383 634 2406 P
644 2395 654 2400 -
669 2383 795 2406 vicinius
808 2383 836 2407 D
849 2396 882 2400 —
899 2390 939 2407 11.
953 2383 1020 2415 quid
1035 2386 1127 2409 motus
1140 2385 1168 2409 P
1179 2398 1211 2402 —
1229 2391 1268 2410 12.
1282 2394 1406 2419 quaeque
1422 2388 1449 2412 Ρ
1460 2401 1468 2406 -
1483 2387 1660 2421 diripiantur
1671 2388 1700 2412 D
1714 2402 1746 2406 —
1763 2395 1803 2420 14.
1816 2390 1843 2412 et
1858 2388 1903 2413 vel
1916 2389 1944 2413 P
1954 2401 1964 2407 -
1979 2389 2088 2413 victum
2101 2394 2190 2421 neque

343 2424 465 2456 pretium
484 2424 520 2449 ad
539 2425 567 2448 P
585 2438 615 2442 —
639 2430 679 2455 15,
698 2425 809 2450 habere.
845 2424 928 2453 Quod
943 2427 965 2449 si
980 2427 1008 2450 P
1024 2440 1056 2444 —
1079 2426 1118 2451 16.
1132 2426 1261 2462 Sclavos]
1275 2428 1413 2454 Scalonos
1426 2430 1450 2454 A
1464 2429 1498 2459 ὂς
1510 2429 1629 2456 Starnos
1641 2430 1668 2455 B
1680 2443 1691 2449 -
1704 2429 1862 2455 sturnosD
1875 2442 1908 2448 —-
1924 2436 1964 2462 17.
1978 2437 2050 2463 quos
2063 2438 2128 2456 suos
2140 2431 2189 2455 ha-

347 2466 430 2490 bebat
443 2473 475 2490 ac
495 2468 526 2490 ut
547 2467 646 2490 fratres
665 2467 692 2490 D
712 2480 720 2485 -
739 2466 883 2492 beneficiis
902 2469 930 2492 et
948 2469 1111 2493 muneribus
1131 2471 1225 2494 missis
1247 2471 1273 2494 P
1290 2484 1322 2488 —
1346 2470 1385 2495 18.
1406 2472 1508 2504 praeda
1527 2473 1556 2497 P
1573 2486 1603 2490 —
1628 2479 1666 2505 19.
1686 2472 1842 2497 altissimos
1861 2480 1910 2497 om.
1937 2473 2033 2498 PBD
2046 2485 2055 2491 -
2068 2472 2189 2506 profun-

344 2508 470 2532 dissimis
484 2509 512 2533 P
528 2522 560 2526 -
580 2515 622 2533 20.
642 2508 703 2533 sine
723 2509 846 2533 maximo
863 2509 926 2533 BD
949 2523 977 2526 —
999 2516 1040 2534 21.
1060 2510 1246 2536 Guiscardum
1267 2513 1314 2537 sed
1334 2515 1362 2538 et
1382 2522 1415 2538 ne
1437 2522 1488 2539 vos
1509 2515 1581 2539 fame
1594 2515 1666 2539 P—
1681 2513 1772 2547 25-26.
1786 2515 1956 2540 studuerint.
1993 2515 2106 2540 Prseite
2118 2515 2189 2540 P·-

345 2550 385 2575 28.
400 2550 567 2583 adJungitur
586 2552 614 2574 Ρ
632 2565 661 2568 —
683 2558 724 2583 ²9-
744 2552 861 2583 ignarus
880 2552 942 2576 BD
960 2565 971 2570 -
991 2552 1081 2577 effecit
1101 2554 1128 2577 P
1144 2567 1154 2571 -
1172 2561 1304 2579 excreare
1324 2562 1352 2580 se
1371 2556 1488 2581 volebat
1507 2557 1566 2581 ΡΑ
1577 2557 1601 2582 C
1618 2571 1650 2575 -
1665 2563 1706 2587 31.
1721 2556 1851 2581 credebat
1865 2555 1938 2591 illis]
1950 2556 2072 2582 audebat
2085 2556 2191 2582 neilus

346 2593 408 2617 BD
426 2605 436 2610 —
457 2593 496 2616 ibi
523 2600 570 2617 om.
598 2594 660 2617 BD
685 2607 717 2611 —
739 2600 780 2626 3²-
806 2594 937 2618 vibrante
955 2602 1003 2618 om.
1027 2594 1062 2625 C}
1082 2596 1245 2620 vibratione
1264 2597 1324 2621 AD
1344 2611 1376 2615 —
1397 2605 1487 2631 33-34.
1507 2606 1570 2624 cum
1589 2599 1724 2624 ducerent
1744 2599 1885 2624 militibus
1904 2601 1933 2624 et
1951 2600 1979 2624 P
1995 2613 2028 2618 —
2047 2606 2090 2632 34.
2110 2607 2191 2625 excu-

345 2632 431 2667 tiant]
451 2634 632 2659 exsistimant
655 2635 678 2658 C
695 2648 726 2652 —
746 2642 838 2668 34-35.
857 2636 1085 2668 appropinquare
1104 2638 1164 2662 BD
1185 2651 1216 2655 —-
1237 2644 1278 2670 35.
1297 2640 1390 2664 socios
1408 2641 1442 2664 da
1461 2643 1550 2672 questo
1564 2644 1650 2673 punto
1668 2642 1743 2666 viane
1762 2649 1835 2666 meno
1850 2645 1900 2673 per
1918 2650 1956 2666 un
1971 2642 2015 2673 μ’
2034 2641 2132 2666 Ρσίκθα
2148 2641 2194 2666 del

346 2677 400 2700 cod.
421 2678 450 2701 C.
493 2676 550 2701 Una
568 2679 628 2701 nota
647 2677 871 2702 dell'amunuense
889 2678 944 2702 aua
958 2681 1025 2710 pag.
1045 2684 1061 2708 5
1071 2687 1087 2703 v
1105 2679 1222 2710 informa
1241 2681 1298 2709 che,
1307 2685 1360 2713 per
1377 2682 1404 2706 Ia
1423 2690 1565 2708 mancam
1583 2683 1615 2707 de
1631 2683 1724 2708 alcuni
1733 2683 1811 2716 fogll
1822 2684 1868 2708 nel
1878 2684 1963 2708 ‘odiu
1977 2683 1990 2696 ⁸
2001 2691 2037 2708 ex
2049 2685 2192 2710 vetustate

345 2718 498 2743 dilacerato
509 2737 533 2750 η,
553 2727 604 2744 non
621 2720 648 2743 si
660 2723 767 2751 possano
786 2720 820 2743 da
838 2720 881 2744 lui
897 2721 1052 2745 erascrfmre
1071 2721 1094 2745 a
1111 2725 1176 2746 resto
1189 2723 1220 2746 di
1236 2726 1324 2755 questo
1342 2727 1397 2756 cap.
1417 2725 1450 2749 X
1452 2725 1501 2754 Vl,
1520 2727 1532 2749 ι’
1548 2728 1622 2758 capp.
1641 2725 1731 2751 XVII
1745 2734 1758 2750 e
1771 2727 1804 2751 X
1807 2726 1897 2752 Vllle
1906 2728 1984 2758 parte
1996 2726 2040 2751 del
2050 2729 2106 2759 cap:
2120 2725 2195 2752 XIX

345 2774 355 2778 -
374 2768 432 2785 sese
452 2762 574 2785 invicem
594 2762 622 2786 P
639 2774 650 2780 -
670 2761 802 2786 audacter
820 2769 869 2787 om.
890 2763 951 2786 BD

437 2847 442 2862 “
463 2849 487 2873 Il
507 2857 579 2882 papa
599 2850 708 2875 rientro
728 2859 743 2875 a
763 2851 853 2875 Roma
874 2851 895 2875 il
911 2857 940 2875 21
963 2859 1055 2876 marzo
1071 2857 1146 2885 1054,
1165 2853 1240 2886 dopo
1384 2853 1395 2871 ²
1414 2856 1536 2887 ΑΜΑΤο,
1554 2856 1603 2886 m,
1623 2863 1648 2890 7,
1668 2857 1778 2882 chiama
1805 2857 1826 2882 il
1851 2857 1988 2882 castello:
2012 2857 2063 2882 “la
2089 2857 2192 2883 rocche

347 2897 437 2915 essere
456 2893 562 2916 testato
582 2899 630 2924 per
650 2890 701 2925 piu
720 2893 750 2917 di
764 2894 802 2917 sei
818 2895 885 2917 mesi
902 2906 934 2911 -
948 2893 994 2918 dal
1009 2899 1041 2924 23
1055 2895 1164 2926 giugno
1179 2909 1210 2913 —
1227 2903 1242 2919 a
1298 2897 1311 2911 “
1322 2897 1525 2923 Saint-Martin
1538 2916 1562 2931 η.
1599 2899 1645 2923 Ma
1665 2899 1737 2924 altre
1757 2900 1894 2925 scorrer-ie
1913 2901 1924 2925 1
1943 2900 2113 2932 Non-manni,
2142 2899 2192 2925 che

348 2932 511 2958 Benevento
525 2935 602 2959 sotto
616 2934 643 2959 la
658 2935 803 2967 vigilanza
818 2936 864 2960 dei
874 2936 1043 2960 Nox-manni.
1067 2936 1201 2962 Umfredo
1213 2939 1242 2963 lo
1297 2940 1321 2963 si
1335 2943 1499 2964 trovavano
1520 2941 1546 2965 al
1567 2943 1689 2966 servizio
1709 2942 1754 2966 del
1775 2943 1906 2975 principe
1919 2943 1947 2967 di
1971 2941 2100 2974 Sales-no,
2125 2949 2190 2967 ave-

348 2973 542 3007 accompagno
556 2975 613 3000 tino
632 2984 648 3001 a
667 2975 774 3009 Capua.
811 2977 856 3003 Cf.
876 2978 976 3002 Axon.
996 2978 1115 3010 Bas-av„
1131 2980 1168 3003 ad
1178 2988 1239 3005 ann.
1296 2989 1371 3006 vano
1389 2980 1437 3015 gia
1458 2984 1530 3008 fatto
1551 2985 1581 3008 in
1602 2984 1738 3010 Calabria
1756 2985 1794 3009 fin
1815 2985 1861 3010 dal
1884 2985 1959 3017 1048.
2218 2989 2254 3009 20
2286 3002 2288 3007 ν
