2314 3418
111 232 196 268 (aa.
215 233 408 267 iaso-ms]
803 221 1059 265 ANNALES
1086 227 1254 264 SICULI
1874 229 1887 264 l
1901 228 1943 269 17

194 347 299 382 Anno
321 348 460 382 Domini
483 349 664 391 MCCXX,
687 361 805 383 mense
827 350 1026 383 novembris
1048 361 1159 384 nonae
1181 350 1394 389 indictionis,
1410 350 1569 383 dominus
1584 360 1646 383 rex
1662 351 1690 385 F
1691 351 1861 384 ridericus
1883 362 1952 383 una

109 412 188 435 cum
209 401 350 435 domina
372 412 482 436 uxore
505 413 576 442 sua,
593 403 714 448 regina
728 403 939 441 Constantia,
957 413 1121 437 coronam
1137 403 1272 446 imperii
1289 408 1516 446 susceperunt
1530 414 1552 436 a
1568 404 1708 436 domino
1723 414 1816 447 papa
1830 403 1949 438 Hono-

44 447 45 450 *
105 455 160 489 rio
182 455 298 489 tertio.
344 455 386 488 In
409 455 531 489 eodem
554 467 646 490 anno
669 458 840 501 Damyata
862 457 931 490 fuit
952 457 1087 500 perdita
1110 467 1130 490 a
1156 457 1371 490 Christianis.

49 547 51 549 ¹
193 507 296 542 Anno
320 508 461 543 Domini
482 509 683 549 MCCXXI,
695 510 832 544 decima
852 510 1055 549 indictione,
1078 510 1237 543 dominus
1260 510 1460 543 Fridericus
1480 511 1668 553 imperator
1690 510 1754 544 ivit
1776 521 1854 544 cum
1877 522 1949 544 ma-

46 561 83 598 ‘5
105 571 175 606 gno
196 562 352 595 exercitu
374 572 479 605 super
500 562 696 597 Saracenos
717 563 806 607 Jacii
819 564 829 583 ¹
853 569 888 596 et
910 564 1025 606 coepit
1054 564 1232 597 Benaveth
1262 574 1340 596 cum
1370 564 1447 597 filiis
1473 564 1554 603 suis,
1582 570 1618 597 et
1647 565 1826 607 suspendit
1856 564 1949 608 apud

52 650 55 654 ,
105 615 325 649 Panormum.

191 667 296 701 Anno
319 668 459 702 Domini
475 669 683 704 MCCXXII
705 671 911 703 undecimae
935 669 1144 709 indictionis,
1169 670 1310 703 domina
1324 670 1523 713 imperatrix
1538 669 1741 704 Constantia
1755 670 1840 704 obiit
1854 673 1950 715 apud

102 721 306 755 Cathaniam
316 721 340 755 ¹.
385 723 431 756 Et
452 723 489 756 in
512 724 637 757 eodem
660 734 753 756 anno
776 724 934 756 dominus
956 723 1143 766 imperator
1166 724 1283 766 coepit
1304 723 1473 757 Celanum
1496 730 1532 758 et
1553 724 1659 768 eiecit
1676 725 1834 758 comitem
1851 726 1947 759 Tho-

49 772 52 775 ‘
103 774 248 808 masium
273 776 317 808 de
338 776 472 810 Celano
495 778 541 811 de
565 787 685 821 regno.

56 831 57 834 ’
189 827 294 862 Anno
317 829 458 862 Domini
480 829 702 863 MCCXXIII
730 830 958 864 duodecimae
979 830 1192 870 indictionis,
1219 830 1378 864 dominus
1409 831 1608 864 Fridericus
1638 831 1829 874 imperator
1857 832 1949 866 misit

45 905 51 910 f
102 881 293 915 exercitum
316 893 414 915 suum
435 883 472 916 in
496 882 621 916 Gerbis
634 883 658 922 ⁸,
682 889 718 917 et
741 883 859 926 coepit
883 883 972 921 illos,
996 882 1165 916 destruxit
1187 890 1223 916 et
1249 884 1446 926 captivavit.

43 963 46 964 γ
188 933 293 968 Anno
315 935 454 968 Domini
470 936 695 970 MCCXXIV
717 936 874 969 decimae
897 936 1021 969 tertiae
1037 937 1250 976 indictionis,
1266 937 1425 970 dominus
1440 937 1639 971 Fridericus
1654 938 1842 981 imperator
1856 939 1948 972 misit

44 1001 46 1003 ’
100 987 287 1021 exercitum
309 999 471 1032 magnum
494 999 599 1032 super
622 990 815 1023 Saracenos
838 989 989 1029 Siciliae,
1012 989 1070 1031 qui
1093 996 1332 1022 remanserunt
1353 990 1389 1023 in
1418 990 1599 1029 montanis,
1622 997 1657 1024 et
1679 1002 1841 1035 magnum
1863 1002 1946 1036 gua-

10 1072 12 1077 ,
47 1056 49 1058 ·
99 1045 188 1074 stum
211 1051 346 1084 semper
368 1042 544 1074 annuatim
566 1041 719 1075 faciebat
741 1052 844 1084 super
873 1042 961 1080 illos,
989 1052 1167 1085 usquequo
1183 1042 1439 1076 descenderunt
1455 1053 1533 1076 cum
1548 1053 1675 1088 magno
1699 1044 1896 1087 opprobrio,
1913 1051 1948 1077 et

10 1088 13 1105 ³
57 1093 76 1128 ⁵
99 1093 188 1127 fecit
210 1094 287 1127 illos
311 1095 437 1128 morari
460 1095 496 1127 in
518 1095 624 1138 plano
648 1094 800 1133 Siciliae,
822 1095 859 1127 in
883 1094 1063 1128 casalibus.

10 1188 12 1195 λ
46 1142 52 1190 J
185 1146 292 1180 Anno
314 1148 455 1181 Domini
476 1147 683 1181 MCCXXV
705 1147 861 1180 decimae
885 1154 1029 1191 quartae
1051 1148 1262 1187 indictionis,
1279 1149 1436 1182 dominus
1452 1148 1652 1184 Fridericus
1675 1151 1863 1194 imperator
1887 1161 1945 1184 ac-

45 1227 47 1230 .
98 1200 194 1243 cepit
215 1210 369 1243 uxorem,
393 1201 497 1234 filiam
521 1201 654 1234 domini
677 1201 770 1245 regis
792 1201 972 1244 Johannis,
995 1202 1144 1234 nominis
1167 1202 1344 1235 Ysabella.

43 1249 47 1294 J
186 1253 291 1287 Anno
313 1253 453 1287 Domini
475 1253 716 1288 MCCXXVII
739 1255 871 1296 primae
894 1254 1104 1294 indictionis,
1127 1265 1245 1288 mense
1275 1255 1360 1299 julii,
1391 1257 1551 1290 dominus
1574 1258 1774 1291 Fridericus
1797 1258 1944 1300 impera-

40 1303 41 1306 '
98 1312 154 1340 tor
176 1308 347 1341 secundus
369 1307 529 1340 transivit
549 1307 586 1339 in
608 1313 725 1350 partes
747 1308 999 1347 ultramarinas,
1022 1314 1058 1341 et
1080 1308 1127 1341 ibi
1151 1309 1291 1351 accepit
1314 1320 1479 1342 coronam
1507 1311 1661 1343 eiusdem
1685 1312 1793 1356 regni.
1837 1313 1883 1345 Et
1906 1312 1943 1344 in

10 1348 11 1375 ³
49 1367 66 1385 Ἰ
97 1361 222 1394 eodem
245 1370 348 1400 anno,
370 1366 556 1404 antequam
578 1361 752 1401 transiret,
776 1361 914 1394 domina
936 1361 1148 1404 imperatrix,
1171 1372 1258 1394 uxor
1273 1372 1344 1401 sua,
1362 1363 1456 1396 obiit.
1502 1364 1547 1396 Et
1570 1374 1629 1397 rex
1643 1364 1826 1398 Corradus'
1841 1371 1940 1398 natus

97 1413 174 1447 tuit.
220 1413 266 1447 Et
287 1414 324 1446 in
348 1414 472 1447 eodem
494 1409 585 1447 anno
609 1425 700 1457 papa
723 1414 912 1459 Gregorius
934 1415 1089 1458 suscepit
1111 1421 1275 1458 papatum
1299 1416 1443 1449 Romae.

9 1507 11 1514 3
44 1510 45 1515 ,
187 1465 292 1500 Anno
315 1466 453 1500 Domini
475 1466 732 1502 MCCXXVIII
763 1468 938 1501 secundae
969 1467 1180 1508 indictionis,
1210 1467 1370 1502 dominus
1400 1469 1588 1513 imperator
1618 1482 1778 1505 reversus
1807 1472 1876 1506 fuit
1906 1472 1940 1505 in

100 1519 280 1564 regnum&

184 1572 290 1608 Anno
312 1574 453 1608 Domini
476 1574 702 1609 MCCXXIX
731 1575 853 1609 tertiae
883 1575 1096 1614 indictionis,
1118 1576 1235 1609 medio
1258 1586 1378 1609 mense
1400 1578 1547 1620 augusti,
1571 1578 1730 1611 dominus
1752 1579 1942 1622 imperator

53 1625 74 1660 5
96 1626 182 1661 fecit
203 1634 329 1670 pacem
351 1633 388 1660 et
411 1629 636 1661 concordiam
652 1639 731 1662 cum
747 1629 887 1662 domino
902 1639 994 1672 papa
1010 1629 1180 1672 Gregorio
1192 1628 1216 1661 ⁶.
1261 1628 1307 1662 Et
1323 1630 1472 1663 intrante
1487 1641 1605 1663 mense
1621 1631 1825 1674 septembris
1840 1643 1942 1676 quar-

41 1706 44 1707 ⁷
95 1686 151 1714 tae
173 1679 384 1719 indictionis,
407 1681 532 1715 mansit
555 1681 592 1714 in
616 1681 752 1714 Ananis.
776 1691 854 1714 cum
877 1682 1017 1715 domino
1038 1692 1131 1725 papa
1153 1682 1262 1715 tribus
1285 1682 1416 1716 diebus.

39 1766 46 1771 ‚
183 1732 289 1767 Anno
315 1734 456 1767 Domini
486 1734 711 1768 MCCXXXI
742 1741 884 1778 quartae
914 1735 1126 1774 indictionis,
1157 1735 1317 1769 dominus
1346 1736 1537 1779 imperator
1566 1739 1743 1777 tractavit,
1769 1739 1825 1771 vel
1855 1739 1944 1772 fecit

43 1789 46 1795 ’
95 1792 256 1826 tractare,
280 1787 554 1821 Constitutiones
575 1798 654 1821 suas
669 1787 691 1822 ⁸.

180 1840 283 1874 Anno
296 1840 436 1874 Domini
451 1841 676 1875 MCCXXXI
698 1842 838 1885 quintae
853 1842 1061 1881 indictionis,
1077 1843 1235 1876 dominus
1251 1843 1440 1888 imperator
1454 1844 1546 1878 misit
1561 1845 1652 1887 ipsas
1669 1844 1942 1880 Constitutiones

54 1901 59 1919 ¹
89 1904 168 1927 suas
190 1904 254 1937 per
277 1899 388 1928 totum
410 1905 570 1939 regnum,
591 1900 626 1928 et
647 1895 686 1927 in
717 1895 874 1928 Siciliam
906 1905 971 1938 per
998 1896 1175 1929 dominum
1206 1896 1421 1930 Riccardum
1445 1898 1490 1931 de
1513 1898 1749 1942 Montenigro,
1773 1899 1832 1942 qui
1864 1906 1939 1932 erat

44 1967 51 1981 .·
91 1946 255 1991 magister
284 1947 485 1991 justitiarius
515 1947 671 1982 Siciliae.
718 1949 763 1981 Et
793 1949 828 1981 in
860 1949 984 1982 eodem
1015 1959 1117 1990 anno,
1148 1960 1266 1983 mense
1293 1950 1428 1994 augusti
1459 1951 1575 1984 dictae
1605 1951 1814 1991 indictionis,
1845 1953 1939 1985 Mar-

43 2012 48 2049 2
93 1999 185 2034 tinus
205 1999 373 2034 Ballonus
394 2012 431 2034 se
454 2001 637 2035 rebellavit
667 2008 789 2035 contra
818 2003 994 2035 dominum
1022 2003 1265 2046 imperatorem
1296 2014 1373 2036 cum
1404 2004 1589 2048 aliquantis
1619 2005 1816 2038 hominibus
1845 2007 1939 2039 Mes-

40 2084 42 2086 ,
90 2064 194 2087 sanae
201 2066 212 2092 ς
237 2059 272 2087 et
293 2054 368 2097 ipse
391 2055 554 2098 magister
575 2055 775 2100 justitiarius
797 2055 940 2098 arripuit
962 2057 1092 2100 fugam.
1137 2057 1182 2090 Et
1205 2058 1310 2090 etiam
1333 2058 1447 2091 dictus
1469 2059 1652 2098 Martinus,
1676 2070 1780 2092 causa
1809 2060 1941 2093 timoris

46 2111 49 2113 ’
93 2107 225 2140 domini
248 2108 477 2151 imperatoris,
501 2108 655 2142 similiter
679 2109 824 2152 arripuit
846 2109 979 2153 fugam,
1002 2115 1038 2142 et
1060 2110 1127 2144 fuit
1150 2116 1271 2154 captus
1295 2121 1374 2144 cum
1397 2112 1500 2145 sociis
1523 2113 1592 2145 suis
1614 2113 1707 2156 apud
1734 2113 1887 2146 Maltam.

179 2160 285 2195 Anno
307 2161 447 2195 Domini
469 2161 711 2196 MCCXXXII
733 2169 848 2195 sextae
870 2163 1079 2202 indictionis,
1103 2164 1262 2198 dominus
1277 2165 1476 2207 imperator,
1499 2176 1617 2200 mense
1640 2167 1759 2210 aprilis
1789 2167 1941 2200 eiusdem

6 2252 8 2262 ,
50 2214 51 2218 ’
91 2213 302 2254 indictionis,
325 2215 422 2248 venit
443 2214 652 2255 Messanam,
668 2222 703 2249 et
718 2216 876 2249 succedit
891 2216 1023 2249 dictum
1037 2217 1226 2251 Martinum
1242 2217 1446 2251 Bellionem.
1491 2219 1538 2253 Et
1553 2220 1588 2252 in
1604 2221 1727 2253 eodem
1739 2230 1830 2253 anno
1845 2221 1940 2253 simi-

50 2259 55 2275 *
91 2265 171 2300 liter
191 2267 279 2301 fecit
300 2268 395 2312 apud
416 2267 623 2313 syracusam
646 2274 682 2302 et
703 2269 892 2303 Nicosiam.

46 2364 48 2366 v
178 2319 282 2355 Anno
305 2321 444 2355 Domini
466 2321 728 2356 MCCXXXIII
751 2322 918 2365 septimae
940 2323 1156 2364 indictionis,
1178 2324 1355 2358 Mattheus
1377 2325 1609 2359 Marchafaba
1638 2326 1705 2360 fuit
1735 2327 1938 2361 constitutus

7 2396 19 2424 J
42 2366 54 2412 s
91 2379 246 2408 secretus
269 2374 411 2408 Siciliae
435 2381 471 2409 et
492 2375 688 2409 Calabriae.

50 2458 56 2462 .
178 2427 284 2462 Anno
306 2427 448 2462 Domini
469 2427 729 2462 MCCXXXIV
752 2435 895 2463 octavae
917 2430 1130 2472 indictionis,
1152 2431 1312 2466 dominus
1333 2433 1521 2475 imperator
1543 2433 1741 2467 Fridericus
1763 2434 1824 2468 ivit
1854 2434 1938 2467 Ala-

91 2490 252 2514 mamam.

43 2534 46 2535 ⁷
178 2533 284 2568 Anno
306 2534 448 2568 Domini
471 2534 714 2569 MCCXXXV
743 2545 856 2570 nonae
886 2536 1100 2577 indictionis,
1131 2537 1292 2572 dominus
1321 2539 1510 2582 imperator
1540 2539 1738 2573 Fridericus
1765 2542 1938 2574 secundus

12 2708 19 2720 >
52 2708 53 2711 ,
181 2689 207 2716 3.
224 2682 258 2708 In
277 2683 409 2709 eodem..
421 2702 427 2708 .
439 2702 445 2708 .
465 2683 632 2709 christianis
650 2691 700 2709 m.
719 2684 747 2709 B
765 2697 797 2702 —
818 2688 843 2716 ς.
861 2683 936 2710 lacis
957 2684 981 2710 C
995 2697 1005 2704 -
1023 2685 1179 2719 Benaveth]
1199 2686 1357 2712 Benerbeth
1375 2687 1402 2711 B
1421 2701 1451 2706 -
1473 2687 1498 2712 8.
1521 2686 1695 2713 Cathaneam
1714 2688 1741 2712 B
1760 2701 1791 2706 —
1815 2695 1855 2721 ¹3·
1874 2688 1937 2722 qul]

11 2724 16 2730 ”
49 2736 53 2759 3
94 2726 123 2750 et
139 2725 164 2751 A
177 2723 202 2750 0
217 2739 250 2744 -
271 2724 311 2751 16.
330 2725 434 2752 lenda.
448 2729 614 2760 montona
631 2728 724 2758 questa
742 2729 803 2751 nota
814 2727 1106 2760 magicaeque&
1117 2728 1163 2753 che
1181 2736 1261 2762 segue
1281 2743 1313 2747 —
1336 2729 1375 2755 18.
1394 2731 1469 2764 Junli
1489 2730 1512 2754 A
1526 2730 1549 2754 C
1565 2743 1598 2748 —
1618 2737 1660 2762 24·
1679 2737 1772 2755 mense
1791 2738 1839 2755 om.
1857 2731 1882 2756 A
1902 2745 1935 2751 -

10 2761 19 2770 “
97 2772 139 2799 27.
156 2766 318 2794 MCCXXX
334 2767 359 2793 A
371 2768 395 2794 C
410 2781 444 2787 —
462 2774 505 2801 3²-
525 2767 701 2801 hominibus]
720 2769 754 2794 de
771 2769 904 2794 omnibus
921 2770 948 2794 B
966 2781 1000 2788 —-
1019 2777 1060 2804 33.
1079 2771 1165 2796 etiam
1184 2779 1233 2796 om.
1256 2771 1279 2796 C
1295 2786 1328 2790 —
1348 2778 1389 2804 37.
1410 2772 1580 2797 Siracuslam
1594 2773 1621 2797 B
1635 2786 1665 2791 —
1681 2771 1723 2806 38.
1736 2772 1867 2798 Matheus
1878 2773 1935 2798 AB

179 2881 186 2898 ¹
206 2882 331 2913 Selaccs,
350 2884 381 2909 ln
401 2891 481 2917 prov.
501 2885 530 2910 di
552 2884 694 2918 Girgentl.
1124 2884 1135 2903 ⁶
1148 2886 1231 2912 Rrec.
1244 2894 1282 2913 ns
1295 2887 1321 2913 S.
1336 2887 1499 2919 Gnaumo,
1518 2895 1544 2921 p.
1559 2895 1612 2922 350
1624 2895 1682 2921 sgg.
1711 2887 1756 2914 Cf.
1769 2889 1933 2915 Eun-mnn-

179 2923 192 2942 ¹
209 2924 292 2952 Rioc-
309 2932 348 2951 ιιι
366 2926 393 2952 8.
412 2925 576 2956 Gamzo,
595 2934 622 2959 p.
641 2932 702 2959 34²·
1037 2927 1216 2961 nannenus,
1230 2930 1353 2955 maaria
1364 2930 1534 2962 diplomatica
1545 2930 1682 2955 Frtaerict
1690 2932 1805 2963 samsai,
1817 2931 1932 2961 vol.1v.

178 2964 190 2982 ⁸
208 2967 300 2999 Zerbi,
320 2968 350 2993 ln
371 2967 480 2993 Africa.
1039 2977 1068 3004 p.
1089 2970 1139 3004 ²63
1157 2978 1217 3005 sgg.

181 3006 194 3024 ⁴
212 3008 300 3035 Anno
320 3016 395 3043 ¹²²9·
1127 3011 1139 3029 ⁸
1157 3013 1239 3041 Rrec.
1257 3021 1295 3041 οι
1314 3014 1340 3040 S.
1361 3014 1524 3044 Gannico,
1543 3022 1571 3050 p.
1589 3014 1650 3048 364.

1963 2982 1995 3002 10

2040 1382 2108 1401 ,tor
