2320 3424
392 213 563 248 XLVIII
1148 208 1482 244 PREFAZIONE

388 339 424 373 in
453 337 606 373 Catania
634 349 657 371 o
686 337 734 372 da
763 335 884 383 quella
913 335 950 371 di
979 346 1043 370 san
1072 333 1226 369 Placido
1254 333 1291 368 in
1319 332 1496 376 Messina‚
1526 343 1635 367 come
1673 330 1856 366 vorrebbe
1894 331 1919 366 il
1956 332 2129 376 Dormer,
2168 332 2241 379 egli
2281 331 2282 334 ’

388 405 500 435 trasse
530 411 602 434 con
628 398 677 444 gli
706 398 787 434 altri
815 397 839 432 il
870 397 1002 432 codice
1031 401 1251 432 contenente
1281 394 1315 430 13
1343 395 1509 430 scrittura
1539 393 1599 429 del
1628 393 1854 430 Malaterra:
1885 391 1933 429 ed
1961 394 2124 430 intesane
2152 394 2243 430 l’im-

387 467 575 508 portanza,
605 460 639 496 la
667 460 766 496 dette
795 459 863 494 alle
891 464 1033 507 stampe
1061 459 1099 493 in
1127 457 1336 505 appendice
1366 457 1399 492 al
1427 456 1593 492 secondo
1622 461 1728 491 tomo
1758 455 2006 503 degl’lndices
2032 469 2159 492 rerum
2195 458 2241 493 ab
2283 455 2288 486 s

385 523 604 571 Aragoniae
631 522 782 571 regibus
804 525 996 569 gestarum
1015 521 1166 556 insieme
1188 532 1260 557 con
1280 520 1315 556 la
1335 522 1504 555 Cronaca
1523 517 1724 554 dell'abate
1744 518 1780 553 di
1801 518 1951 564 Telese,
1972 520 2106 566 perche
2127 531 2242 567 parve
2280 543 2289 560 ,Ι

386 586 457 621 3110
485 586 609 622 Zurita
640 585 706 621 che
736 585 927 620 entrambe
956 584 1157 620 dovessero
1185 583 1358 628 formare,
1387 594 1455 630 per
1483 581 1560 617 cosi
1589 579 1680 626 dire,
1710 593 1758 616 un
1786 585 1918 629 corpus
1944 581 2117 618 historiae
2144 581 2241 619 delle
2280 581 2281 584 ’

388 648 519 696 on'gini
548 647 646 684 della
675 647 894 683 Monarchia
922 646 1098 684 Siciliana
1112 642 1134 681 ¹.

469 711 526 746 Lo
555 711 680 747 Zurita
707 721 845 757 appose
874 709 945 745 alla
975 709 1141 744 Cronaca
1169 707 1229 744 del
1258 707 1462 744 Malaterra
1491 713 1620 756 questa
1648 708 1759 755 lunga
1786 708 2063 745 intitolazione:
2283 756 2285 758 Ι
2307 751 2311 757 ὲ

473 773 626 809 Roberti
659 772 786 808 Viscar
808 773 813 819 Ι
838 772 879 807 di
912 771 1102 807 Calabriae
1116 771 1235 806 Ducis
1262 775 1296 806 et
1318 769 1323 819 Ι
1349 770 1512 819 Rogerii
1536 770 1614 806 eius
1633 771 1787 806 Fratris
1811 770 1908 806 Cala
1933 770 1938 820 Ι
1963 771 2073 817 briae,
2095 775 2131 807 et
2147 771 2244 807 Sici·
2279 763 2280 766 Ἴ
2307 762 2311 774 ³

381 835 451 871 liae
478 835 596 871 Ducis
625 835 847 881 Principum
873 835 877 881 Ι
903 833 1218 879 Normannorum,
1246 837 1281 868 et
1296 844 1421 868 eorum
1426 831 1603 878 fratrum
1622 832 1662 868 in
1685 832 1904 880 Campania,
1925 833 2083 881 Apulia,
2109 831 2114 882 Ι
2138 833 2243 869 Bru-
2281 859 2286 876 s

383 897 457 945 tiss,
491 897 662 934 Calabris
696 901 731 932 et
764 896 803 932 in
839 896 968 932 Sicilia
999 901 1191 943 gestarum
1227 895 1338 931 Libri
1371 895 1400 930 I
1405 895 1445 930 V.
1479 891 1484 945 Ι
1519 894 1684 931 Auctore
1720 896 1943 932 GAUFREDO
1979 896 2243 932 MALATERRA
2281 884 2286 925 f
2309 919 2311 921 >

385 959 559 996 monacho
587 960 646 995 Ro
670 959 675 1007 Ι
695 959 805 1007 gerij
830 959 943 1007 ipsius
962 959 1121 995 hortatu.
1178 957 1343 995 Precede
1372 958 1397 992 il
1417 963 1514 994 testo
1535 969 1607 993 una
1627 957 1758 995 lettera
1778 957 1816 994 di
1835 957 1983 1005 dedica,
2002 959 2066 1006 pin
2085 971 2110 996 o
2129 970 2241 995 meno

380 1023 543 1070 prolissa,
572 1022 878 1058 all’arcivescovo
907 1022 944 1059 di
974 1023 1201 1068 Tarragona,
1222 1020 1393 1058 Antonio
1412 1020 1612 1067 Augustin,
1633 1021 1891 1068 appassionato
1909 1027 2076 1058 amatore
2096 1019 2134 1057 di
2155 1032 2243 1057 cose
2279 1032 2283 1069 j

381 1086 541 1121 antiche.
953 1100 955 1102 ·
1221 1095 1232 1112 ·

469 1149 610 1189 Questa
638 1147 780 1192 lettera,
810 1147 877 1183 che
906 1159 972 1195 per
999 1148 1093 1183 altro
1122 1149 1196 1194 pub
1226 1146 1468 1183 considerarsi
1497 1159 1607 1183 come
1636 1158 1706 1182 una
1734 1147 1944 1195 prefazione
1971 1147 2042 1184 alla
2061 1147 2242 1191 Cronaca,
2279 1156 2289 1189 ,j

381 1212 401 1245 ὲ
428 1212 568 1257 seguita
596 1209 643 1245 da
663 1223 731 1246 una
759 1210 1040 1246 Dichiarazione
1070 1209 1315 1254 dess'edstore,
1346 1210 1560 1247 Domenico
1587 1222 1611 1245 a
1638 1209 1874 1246 Portonariis
1893 1210 1936 1246 de
1961 1210 2121 1255 Ursinis,
2139 1210 2244 1257 regio
2293 1203 2316 1248 Ἱι

381 1273 575 1321 tipografO.
630 1273 721 1309 Essa
749 1273 906 1308 fornisce
935 1272 1091 1320 qualche
1119 1272 1335 1320 ragguaglio
1363 1273 1463 1308 circa
1491 1273 1525 1308 le
1556 1272 1767 1309 condizioni
1785 1272 1845 1308 del
1865 1273 1998 1310 codice
2017 1277 2244 1310 contenente
2284 1295 2285 1298 =

380 1335 415 1371 le
443 1336 659 1381 narrazioni,
689 1336 755 1371 che
785 1335 857 1382 egli
886 1340 989 1371 stava
1019 1347 1083 1383 per
1111 1334 1200 1371 dare
1227 1335 1298 1371 alla
1326 1335 1422 1371 luce.
1478 1335 1603 1372 Messe
1631 1335 1751 1372 infatti
1770 1335 1807 1370 in
1826 1335 1959 1372 rilievo
1979 1335 2012 1372 le
2031 1334 2244 1385 particolari

381 1397 458 1433 doti
487 1397 546 1432 del
574 1398 773 1434 Malaterra
801 1409 909 1433 come
938 1398 1120 1443 sermore,
1150 1397 1313 1444 ond’egli
1352 1397 1366 1415 “
1383 1409 1517 1446 magna
1536 1410 1622 1434 cum
1643 1409 1729 1433 cura
1748 1404 1785 1434 et
1804 1397 1993 1445 diligentia
2013 1398 2050 1433 in
2069 1396 2243 1434 notandis
2287 1447 2290 1448 ⁷

388 1459 403 1477 “
421 1461 529 1496 certis
555 1465 765 1507 temporum
793 1459 1002 1505 intervallis,
1032 1459 1133 1509 quod
1161 1471 1388 1508 magnopere
1417 1472 1492 1495 non
1530 1460 1651 1496 solum
1688 1459 1862 1507 delectat,
1895 1461 1961 1498 sed
1988 1461 2066 1497 sine
2094 1458 2242 1497 fastidio
2277 1480 2282 1491 ι
2313 1498 2318 1511 Ι

389 1524 404 1541 ‘⁴
421 1528 458 1558 et
485 1523 650 1559 satietate
678 1535 737 1558 res
763 1522 869 1570 plena
898 1522 1163 1559 oblectamenti
1192 1530 1258 1569 est,
1286 1524 1325 1558 in
1352 1534 1395 1558 ea
1415 1522 1523 1559 laude
1543 1523 1674 1560 creber
1692 1524 1760 1559 fuit
1777 1552 1811 1571 „,
1840 1522 2011 1560 l’editore
2039 1523 2243 1571 soggiunge
2278 1542 2280 1544 v

382 1584 548 1622 d'essersi
576 1586 711 1622 sentito
739 1597 814 1620 non
842 1597 950 1621 senza
977 1586 1130 1632 ragione
1158 1587 1250 1622 assai
1283 1591 1538 1634 preoccupato
1574 1597 1639 1634 per
1667 1586 1702 1621 la
1736 1586 2020 1634 pubblicazione
2057 1585 2105 1622 da
2141 1586 2242 1622 farsi.
2288 1590 2289 1625 j

382 1648 575 1683 Anzitutto
603 1659 721 1683 aveva
750 1660 798 1683 un
826 1648 909 1683 solo
938 1648 1081 1694 codice,
1110 1649 1268 1685 vecchio
1297 1660 1318 1684 e
1347 1648 1493 1694 tarlato,
1523 1650 1569 1684 ne
1602 1649 1653 1696 gli
1689 1648 1879 1685 sorrideva
1917 1648 1952 1684 13
1989 1659 2167 1696 speranza
2202 1647 2241 1684 di
2290 1677 2317 1697 ,=

379 1710 556 1745 ritrovare
584 1711 736 1757 qualche
764 1711 859 1746 altro
889 1711 1106 1758 esemplare.
1162 1712 1196 1747 E
1224 1712 1287 1758 poi
1314 1710 1339 1747 il
1368 1723 1437 1747 suo
1464 1716 1562 1748 testo
1590 1722 1710 1747 aveva
1738 1713 1858 1747 forme
1898 1711 2053 1747 lessicali
2084 1711 2153 1747 che
2191 1709 2242 1758 gli
2286 1737 2290 1762 3
2315 1753 2318 1764 ‹

380 1773 626 1808 sembravano
661 1773 815 1809 alterate
853 1785 873 1809 e
912 1779 1087 1819 corrotte‚
1116 1785 1177 1809 era
1205 1774 1314 1821 privo
1341 1775 1378 1811 di
1407 1774 1512 1821 segni
1540 1773 1858 1821 d’interpunzione
1887 1786 1907 1809 e
1942 1773 1978 1810 la
2014 1774 2184 1810 serittura
2213 1773 2243 1809 si
2284 1774 2319 1788 '

379 1840 597 1881 presentava
624 1840 719 1871 tutta
747 1834 833 1871 d’un
862 1847 990 1882 peno,
1018 1836 1250 1872 senz'alcuna
1278 1837 1461 1872 divisione
1488 1837 1525 1871 in
1560 1836 1722 1885 capitoli.
1779 1837 1905 1872 Erano
1933 1836 1998 1872 tali
2027 1848 2047 1871 e
2075 1841 2176 1873 tante
2205 1834 2239 1870 le

381 1898 699 1943 manchevolezze‚
728 1898 865 1945 ch‘egli
893 1900 923 1934 si
951 1911 1012 1935 era
1040 1899 1175 1936 sentito
1203 1900 1433 1936 autorizzato
1460 1911 1482 1934 a
1510 1899 1585 1935 fare
1614 1898 1673 1935 dei
1703 1899 1861 1935 ritocchi
1894 1911 1914 1935 e
1944 1899 2040 1935 delle
2067 1897 2239 1947 prudenti
2283 1893 2292 1914 ³
2317 1907 2320 1931 -ῑ

383 1960 599 2005 correzioni,
628 1971 699 2009 qua
728 1972 749 1995 e
777 1961 823 2007 la,
852 1961 913 1996 nel
940 1966 1037 1997 testo
1066 1961 1126 1997 del
1156 1963 1372 2008 Malaterra,
1404 1974 1512 1998 come
1540 1963 1579 1997 in
1606 1961 1731 2010 quello
1760 1961 1958 1998 dell'abate
1986 1961 2174 1997 Telesino.
2286 1952 2290 1958 ἱ
2319 2007 2320 2011 Ι

470 2023 631 2067 Orbene,
661 2023 709 2059 da
737 2029 865 2070 queste
902 2023 1164 2060 dichiarazioni
1202 2024 1261 2060 del
1298 2024 1340 2060 de
1375 2025 1522 2061 Ursinis
1558 2026 1587 2060 si
1623 2025 1791 2061 rilevano
1828 2024 1900 2060 due
1939 2024 2011 2060 dati
2047 2023 2084 2060 di
2120 2023 2239 2060 fatto:
2318 2029 2320 2072 j

382 2082 419 2131 α)
457 2084 663 2121 l'antichita
691 2084 751 2121 del
781 2085 912 2122 codice
941 2092 1164 2124 contenente
1193 2087 1226 2122 le
1256 2087 1328 2124 due
1358 2088 1542 2124 cronache
1571 2099 1680 2134 sopra
1707 2086 1894 2123 ricordate
1927 2107 1977 2113 —
2006 2097 2027 2121 e
2055 2085 2092 2121 di
2122 2085 2183 2122 cib
2211 2085 2241 2121 si
2287 2077 2320 2110 ,³

381 2146 552 2193 riparlera
588 2158 660 2194 ——3
690 2145 725 2195 β)
754 2147 792 2182 10
820 2148 948 2184 Zurita
976 2161 1051 2184 non
1079 2151 1109 2185 si
1147 2151 1325 2186 contento
1362 2149 1399 2185 di
1435 2150 1659 2198 riprodurre,
1700 2161 1761 2184 ma
1796 2151 1914 2186 intese
1952 2160 2176 2196 correggere
2205 2160 2239 2194 e,
2294 2185 2296 2191 ,

382 2208 546 2244 secondo
582 2208 643 2254 lui,
674 2209 884 2256 migliorare
912 2210 937 2246 il
965 2216 1061 2247 testo
1090 2210 1151 2247 del
1178 2211 1390 2248 Malaterra.
1446 2212 1591 2258 Difatti,
1620 2211 1720 2248 dallo
1749 2212 1870 2248 studio
1890 2211 1986 2246 delle
2005 2211 2160 2247 varianti
2179 2210 2240 2247 dei
2290 2219 2297 2260 -J

383 2270 503 2306 codici
540 2271 700 2307 esistenti
730 2272 759 2308 si
786 2273 901 2308 rileva
931 2273 997 2308 che
1026 2273 1060 2308 la
1086 2274 1321 2310 trascrizione
1351 2275 1440 2311 satta
1459 2273 1694 2311 dall'erudito
1723 2274 1926 2321 spagnuolo
1955 2285 2031 2310 non
2048 2273 2085 2308 fu
2104 2272 2239 2319 fedele,
2295 2262 2320 2269 ¹

380 2333 511 2380 perche
538 2333 786 2369 s’incontrano
814 2334 942 2370 alcune
970 2335 1099 2382 forme,
1129 2336 1224 2372 nelle
1253 2337 1350 2386 quali
1379 2337 1533 2373 icodici
1554 2341 1845 2373 costantemente
1866 2335 2105 2372 concordano
2124 2347 2145 2372 e
2165 2335 2234 2372 che
2295 2324 2298 2345 ³

382 2395 406 2430 il
437 2396 554 2441 primo
583 2396 724 2432 editore
752 2397 936 2442 modifica,
952 2410 1019 2434 ora
1046 2399 1084 2434 in
1112 2399 1251 2446 meglio
1280 2399 1327 2435 ed
1357 2412 1423 2435 ora
1452 2401 1489 2435 in
1517 2400 1665 2447 peggio.
1723 2391 1755 2435 E
1782 2400 1876 2435 bene
1905 2398 2064 2435 addurre
2083 2397 2237 2446 qualche
2291 2388 2293 2390 K

381 2459 556 2505 esempio,
586 2470 694 2506 preso
722 2463 924 2496 attraverso
953 2473 1023 2496 una
1050 2461 1177 2508 rapida
1205 2462 1446 2499 scorribanda
1480 2462 1533 2498 fra
1571 2461 1605 2497 le
1643 2462 1801 2509 pagine:
1846 2461 1862 2479 “
1879 2461 2182 2509 nuncupabantur
2199 2487 2234 2508 „‚
2292 2509 2295 2512 Δ

383 2525 523 2556 mentre
559 2521 572 2555 i
607 2519 719 2557 codd.
755 2522 877 2557 hanno
913 2521 927 2539 “
945 2528 982 2559 et
1010 2523 1061 2558 sic
1089 2525 1320 2560 vocabantur
1338 2554 1353 2571 „
1387 2525 1451 2571 (L.
1482 2525 1510 2568 I,
1541 2536 1571 2559 c.
1605 2522 1671 2573 J);
1709 2523 1724 2542 “
1743 2524 1901 2571 Rholo„
1937 2535 2002 2571 per
2038 2523 2228 2568 “Rodlo„
2291 2540 2299 2554 ι

386 2581 529 2628 (ibid.);
569 2582 726 2631 “Itaque
763 2589 861 2620 terra
888 2585 951 2620 illa
971 2613 986 2631 „
1019 2598 1084 2632 per
1116 2586 1132 2604 “
1151 2587 1355 2634 Porrigitur
1382 2587 1503 2634 itaque
1543 2593 1638 2622 terra
1673 2586 1743 2622 illis
1762 2616 1777 2634 „
1819 2586 1864 2636 (Ι,
1903 2587 1969 2633 2);
2014 2586 2028 2604 “
2045 2597 2139 2634 quae
2174 2585 2236 2621 uni
2297 2593 2300 2616 ἱ

392 2643 406 2660 “
424 2650 610 2690 cesserat„
637 2657 701 2692 per
726 2646 740 2663 ‘⁴
760 2658 853 2695 quae
873 2648 991 2693 primo
1013 2654 1201 2696 cesserat„
1229 2647 1273 2698 (Ι,
1294 2649 1361 2696 5);
1388 2650 1403 2668 ¹‘
1422 2654 1580 2694 vastant,
1604 2655 1858 2697 percurrentes
1877 2677 1891 2695 „
1916 2661 1982 2696 per
2005 2649 2020 2667 ‘¹
2039 2653 2236 2693 vastantes,
2299 2652 2303 2686 1

393 2704 637 2751 “percurrunt
656 2736 670 2752 „
694 2708 736 2754 (Ι,
757 2708 797 2754 8)
807 2719 817 2754 3
853 2708 921 2743 “in
950 2709 1058 2746 Valle
1087 2711 1294 2747 Salinarum
1321 2717 1574 2759 oppugnatum
1604 2712 1774 2760 vadunt„
1809 2723 1875 2759 per
1910 2711 1978 2746 “in
2007 2710 2115 2747 Valle
2143 2709 2236 2746 Sali-
2296 2711 2298 2743 J

393 2768 408 2785 “
425 2778 551 2803 narum
569 2769 727 2815 positum
747 2771 1031 2817 oppugnandum
1059 2772 1162 2810 vadit
1181 2802 1195 2819 „
1228 2774 1272 2820 (1,
1300 2773 1394 2820 32);
1430 2774 1446 2792 “
1462 2775 1577 2811 Anno
1605 2775 1830 2810 Dominicae
1850 2773 2115 2811 Incarnationis
2138 2772 2238 2812 1073
2271 2775 2303 2817 4;

395 2830 410 2847 “
427 2854 436 2863 .
452 2854 461 2863 .
478 2854 487 2864 .
504 2855 513 2864 .
530 2830 707 2867 Catanam
726 2832 824 2868 aliud
843 2845 933 2869 vero
953 2835 1155 2871 Mazariam
1170 2861 1180 2870 .
1198 2862 1207 2872 .
1225 2861 1234 2870 .
1251 2862 1260 2871 .
1282 2835 1443 2872 firmavit
1461 2866 1477 2884 π
1501 2848 1568 2883 per
1594 2837 1609 2855 “
1628 2838 1743 2874 Anno
1762 2837 1914 2873 Domini
1933 2836 2127 2873 MLXXIl
2142 2860 2152 2871 .
2169 2861 2179 2870 .
2196 2860 2207 2870 .
2224 2860 2234 2871 .
2298 2876 2302 2880 ‚

476 2994 482 3012 ¹
506 2996 587 3028 Epist.
606 2998 663 3028 cit.,
683 3000 712 3022 in
731 2999 833 3024 IndIces
851 3002 901 3025 cit.
