2314 3418
104 230 156 265 [A.
176 231 270 264 10⁹8]
472 224 541 259 DE
568 222 738 258 REBUS
767 221 946 258 GESTIS
974 221 1190 257 ROGERH
1220 221 1430 257 COMITIS
1458 221 1572 257 ETC.
1871 220 1939 257 105

104 346 180 391 quis
209 352 416 380 armatorum
448 346 554 379 millia
584 356 765 379 numerare
797 346 973 389 potuisset,
1004 355 1083 377 cum
1114 345 1187 387 ipsa
1219 344 1376 383 tentoria,
1406 344 1574 378 bitumine
1605 344 1757 387 palliata,
1786 344 1844 376 vix
1874 342 1945 376 ullo

4 406 19 441 J
38 395 51 427 {-
102 409 246 432 numero
269 399 432 433 concludi
455 398 668 443 potuerunt?
693 399 780 432 Tam
804 408 972 442 pomposo
996 398 1072 441 plus
1102 398 1202 431 solito
1235 398 1391 431 exercitu
1423 408 1540 431 comes
1569 397 1692 440 apulos
1718 398 1803 430 fines
1834 396 1943 428 visum

4 455 5 458 ’
46 455 50 485 ζ
102 452 258 490 intendit,
280 452 427 486 maxime
452 453 532 496 quia
554 452 672 494 Apuli,
696 451 978 494 expeditionibus
999 451 1118 493 aliquo
1140 461 1307 483 annorum
1324 451 1500 484 curriculo
1517 451 1662 488 desueti,
1687 460 1812 493 corpus
1826 449 1943 482 multis

36 519 51 531 π
102 505 215 548 plagis
236 511 271 538 et
293 506 434 539 diutinis
457 505 632 539 laboribus
654 505 847 549 fatigando,
878 505 960 548 quin
990 505 1194 542 recreando,
1224 504 1290 537 sibi
1320 504 1437 547 potius
1459 504 1653 547 indulgere,
1676 514 1778 547 quam
1802 503 1945 546 expedi-

51 559 80 592 ’5
102 557 252 592 tionibus
273 559 396 591 iterum
420 559 663 597 assuescendo,
693 558 855 590 insudare
886 557 1094 590 nitebantur.
1140 557 1244 590 Unde
1275 563 1310 590 et
1341 558 1453 600 ipsum
1483 558 1620 596 ducem,
1650 558 1748 600 quasi
1778 556 1946 598 principis

49 639 54 658 Ι
101 611 380 655 praesentialiter
401 612 529 645 auxilio
553 612 764 650 destitutum,
787 612 898 643 minus
920 610 1140 649 verebantur,
1163 612 1226 644 sed
1248 621 1312 654 per
1333 611 1412 643 loca
1435 610 1599 644 adversus
1621 620 1698 642 eum
1722 609 1943 653 insurgendo,

46 673 56 711 ’ῥ’
101 665 138 697 in
159 665 377 698 insolentiam
400 671 674 708 prorumpentes,
697 665 773 698 eius
794 664 885 707 jussa
908 664 1020 696 minus
1043 664 1310 708 exequebantur.
1354 664 1433 695 Dux
1456 674 1592 706 quoque
1615 662 1719 695 simili
1742 667 1944 707 argumento

55 726 57 729 ’
101 717 147 750 de
170 718 243 751 eius
265 728 382 751 versus
412 717 574 761 Apuliam
597 717 897 760 expeditionaliter
926 717 1075 749 adventu
1099 717 1210 749 minus
1233 716 1405 756 credulus,
1431 717 1547 749 animo
1571 716 1662 748 enim
1686 716 1839 758 cupienti
1862 715 1946 747 nihil

44 761 65 812 J.
100 771 182 804 satis
204 771 398 812 festinatur,
421 777 460 804 ut
481 772 631 814 seipsum
653 771 890 804 submovendo
914 770 1082 808 extrahat,
1105 780 1222 803 versus
1244 770 1441 803 Calabriam
1463 771 1647 803 accelerat.
1694 770 1825 803 Versus
1848 769 1943 812 Apu-

45 837 57 868 ᾗ
101 823 182 856 liam
204 824 438 867 proficiscenti
455 825 548 867 apud
562 824 716 861 Liscum,
732 825 829 868 juxta
845 829 994 856 castrum
1018 823 1130 856 Orioli
1142 822 1163 861 ¹,
1180 823 1342 861 occurrit,
1357 823 1571 866 multumque
1587 823 1632 856 ad
1647 823 1798 856 invicem
1817 823 1945 862 laetati,

42 898 59 906 ¹-
100 877 172 911 dux
193 878 334 921 quidem
356 889 475 911 versus
497 878 644 911 Melfam
675 877 862 911 exercitum
891 877 1129 910 submovendo
1159 877 1344 919 accelerat,
1376 886 1494 908 comes
1523 882 1648 915 autem,
1679 886 1724 909 ne
1747 886 1871 920 greges
1892 877 1943 909 sui

44 948 50 975 ³:
73 934 77 938 ’
99 931 300 970 deficerent,
315 931 378 964 iter
394 932 591 970 conficiens,
614 931 851 964 Beneventum
873 930 980 963 venit.
1026 930 1146 973 Ibique
1163 930 1199 962 in
1214 930 1376 972 planicie,
1393 940 1495 972 super
1510 929 1621 972 ripam
1637 929 1786 962 fluminis
1802 929 1944 967 Caloris,

43 1012 46 1027 3
100 985 147 1017 ad
168 991 310 1027 pontem
332 985 442 1018 sancti
464 985 640 1018 Valentini
666 989 927 1017 castrametatus
951 989 1012 1016 est.
1057 982 1295 1016 Beneventani
1326 990 1449 1022 autem,
1475 983 1547 1016 eius
1570 984 1758 1016 adventum
1782 983 1945 1025 pertime-

99 1042 245 1076 scentes,
267 1048 390 1080 pacem
414 1037 681 1080 expostulantes,
704 1037 773 1081 jam
796 1037 911 1069 triduo
934 1042 1131 1069 occurrunt.
1177 1035 1302 1069 Comes
1332 1042 1456 1074 autem,
1487 1037 1600 1068 sciens
1623 1036 1744 1069 urbem
1773 1036 1840 1079 juri
1863 1046 1944 1079 apo-

47 1106 71 1128 ‚=-
100 1090 214 1124 stolici
238 1090 373 1124 Urbani
397 1097 432 1123 et
453 1096 591 1123 sanctae
613 1090 792 1124 Romanae
817 1089 995 1122 Ecclesiae
1020 1094 1230 1131 competere,
1253 1090 1421 1131 susceptis
1444 1089 1537 1121 mille
1561 1089 1758 1132 quingentis
1774 1090 1888 1122 aureis
1910 1095 1945 1122 et

99 1153 161 1176 sex
183 1143 427 1186 ambulatoriis,
450 1143 526 1176 urbi
548 1149 583 1176 et
598 1143 765 1176 messibus
780 1143 848 1175 suis
863 1142 1076 1185 parcendum
1091 1142 1228 1180 indicit3
1245 1142 1395 1185 indeque
1417 1143 1662 1185 pertransiens,
1677 1153 1781 1185 super
1796 1142 1944 1181 fluvium,

100 1197 195 1239 quod
216 1196 405 1230 Sabbatum
428 1197 566 1234 dicitur,
589 1197 736 1229 tentoria
758 1197 876 1239 figens,
900 1195 1135 1228 Pentecosten
1157 1194 1345 1228 celebravit
1359 1196 1381 1228 ².

188 1250 267 1292 Ipse
291 1250 431 1293 quidem
454 1250 588 1294 legatos
609 1250 677 1293 jam
701 1249 837 1291 pridem
862 1248 1037 1291 Capuanis
1060 1248 1223 1281 honestos
1248 1248 1341 1281 viros
1370 1249 1609 1292 praemiserat,
1631 1249 1842 1282 submonens
1864 1251 1943 1282 hor-

45 1294 49 1298 ’
101 1304 208 1337 tando
230 1309 268 1336 ut
289 1303 334 1336 ab
357 1303 476 1346 inepto
498 1303 661 1346 incoepto
686 1303 910 1335 desisterent:
935 1313 971 1334 se
995 1301 1064 1334 illis
1086 1301 1137 1334 nil
1159 1300 1255 1334 mali'
1280 1302 1411 1335 inferre
1433 1302 1534 1341 velle,
1558 1303 1622 1336 sed
1645 1303 1771 1345 potius,
1802 1303 1830 1336 si
1863 1313 1941 1335 cum

40 1385 59 1392 ,,
99 1355 257 1400 principe
280 1367 342 1389 suo
363 1357 418 1400 jus
440 1357 566 1399 exequi
588 1356 706 1394 velint,
731 1366 849 1388 eorum
873 1355 964 1398 parti
989 1366 1068 1387 cum
1090 1355 1220 1398 justitia
1242 1361 1514 1388 sustentamento
1538 1366 1624 1388 esse.
1671 1355 1718 1388 At
1745 1356 1813 1396 ubi,
1845 1357 1944 1401 lega-

98 1410 143 1443 tis
165 1409 452 1454 regredientibus,
475 1420 535 1442 eos
558 1410 607 1442 nil
629 1409 752 1447 moliri,
783 1409 846 1442 sed
867 1409 984 1452 potius
1014 1409 1050 1440 in
1080 1408 1211 1441 malitia
1234 1419 1296 1440 sua
1327 1408 1476 1452 superbe
1507 1409 1689 1452 persistere
1720 1410 1828 1449 audit,
1859 1410 1944 1443 inde

43 1459 49 1481 Ὗ
101 1473 332 1501 commovens,
354 1463 538 1505 Capuanos
562 1463 648 1495 fines
670 1463 842 1506 pervadit,
866 1472 934 1506 quo
957 1462 1113 1496 diluculo
1138 1471 1215 1494 eum
1239 1462 1331 1495 mille
1354 1463 1494 1495 armatis
1518 1481 1558 1486 —-
1582 1463 1776 1496 exercitum
1799 1474 1944 1506 praece-

43 1524 45 1528 ’
100 1516 185 1549 dens
208 1534 249 1539 —
274 1516 319 1549 ad
340 1515 461 1549 urbem
485 1515 642 1554 accedit;
667 1521 841 1548 extractos
863 1514 1027 1558 plurimos
1050 1514 1242 1547 militariter
1265 1515 1424 1558 dejectos
1449 1516 1614 1548 damnose
1631 1516 1838 1554 ludificavit3
1855 1517 1941 1549 mul-

46 1590 47 1593 =
100 1574 222 1613 touque
254 1569 399 1612 amplius
429 1569 592 1608 laesisset,
619 1569 685 1601 nisi
709 1569 821 1612 pulvis
844 1578 1021 1612 equorum,
1044 1568 1193 1611 pedibus
1223 1568 1394 1601 excitatus
1423 1575 1457 1601 et
1487 1579 1507 1600 a
1538 1575 1641 1601 vento
1673 1569 1943 1602 condensissime

45 1621 78 1655 5
101 1623 259 1666 agitatus,
282 1622 541 1656 intercessisset.
588 1622 647 1655 Sic
672 1623 716 1655 ad
740 1627 855 1655 castra
870 1632 932 1654 sua
945 1631 1115 1660 reversus,
1132 1621 1169 1653 in
1184 1622 1371 1654 crastinum
1389 1632 1465 1654 cum
1481 1627 1555 1655 toto
1573 1622 1728 1655 exercitu
1744 1633 1805 1655 suo
1821 1622 1941 1655 urbem

39 1686 57 1717 ,τ
99 1675 303 1709 viciniorem
327 1676 525 1716 conferens,
547 1687 568 1708 a
590 1676 782 1709 meridiana
803 1676 909 1718 plaga
932 1674 1112 1708 obsidione
1136 1675 1310 1713 vallando,
1336 1686 1355 1707 a
1378 1675 1456 1718 ripa
1479 1675 1637 1708 orientali
1661 1685 1770 1718 usque
1793 1676 1828 1708 in
1858 1676 1943 1711 occi-

4 1724 6 1736 *
50 1731 51 1735 ’
101 1729 274 1763 dentalem
298 1729 405 1772 cingit
427 1729 497 1762 dux
520 1735 634 1762 autem
658 1735 693 1761 et
714 1729 879 1771 princeps
909 1738 986 1760 cum
1017 1738 1078 1761 suo
1110 1728 1277 1766 exercitu,
1307 1728 1352 1760 ab
1383 1728 1575 1772 aquilonari
1603 1735 1702 1771 parte
1733 1728 1943 1768 obsidentes,

54 1794 55 1798 ¹
101 1781 221 1816 urbem
250 1782 434 1816 intendunt
455 1782 688 1826 praegravari.
733 1781 844 1814 Porro
867 1791 995 1821 comes,
1019 1782 1116 1814 cuius
1139 1781 1283 1815 consilio
1306 1792 1428 1815 omnes
1450 1781 1674 1822 incedebant,
1697 1782 1779 1826 quia
1812 1782 1940 1816 sollici-

11 1839 13 1842 ⁴
47 1864 49 1867 .
100 1836 168 1870 tior
182 1842 218 1869 et
231 1834 439 1879 prudentior
453 1835 489 1868 in
511 1834 670 1868 omnibus
693 1835 839 1879 agendis
861 1834 1020 1879 vigilanti
1044 1845 1128 1867 cura
1151 1841 1236 1875 erat,
1258 1840 1401 1878 pontem
1425 1846 1468 1867 ex
1490 1835 1594 1878 lignis
1621 1836 1769 1878 erigens,
1786 1835 1834 1869 ita
1848 1841 1942 1869 trans

38 1889 72 1917 ἶ·
99 1889 228 1923 flumen
250 1889 424 1922 ordinavit
446 1894 484 1921 ut
506 1899 567 1922 suo
591 1889 764 1922 exercitui
788 1894 823 1920 et
845 1888 940 1927 duci,
962 1888 1075 1921 libero
1099 1888 1197 1921 aditu
1219 1893 1370 1931 patente,
1393 1888 1493 1921 fieret
1515 1889 1688 1922 transitus.

62 1937 64 1939 ’
187 1941 318 1985 Sicque
338 1941 421 1974 urbs
443 1942 487 1974 ab
509 1948 658 1985 utroque
682 1942 840 1974 exercitu
863 1942 897 1973 in
920 1947 1053 1974 tantum
1077 1951 1242 1984 oppressa
1271 1947 1333 1980 est,
1365 1947 1403 1974 ut
1432 1941 1527 1974 nulla
1558 1951 1600 1973 ex
1631 1948 1730 1984 parte
1762 1943 1859 1975 arida
1885 1944 1940 1976 vel

40 1999 46 2010 ”
98 1995 242 2040 liquida,
265 1995 468 2039 egrediendi
492 2001 565 2027 tuto
589 1995 645 2028 vel
667 1995 1007 2039 ingrediendiaditus
1030 2000 1173 2038 pateret.
1220 1995 1298 2038 Ipse
1315 2000 1438 2034 autem,
1455 1995 1547 2027 omni
1563 1994 1716 2028 diluculo
1732 2001 1813 2029 ante
1831 1995 1942 2029 lucem

12 2083 15 2088 ,
50 2046 57 2055 ”
101 2058 254 2093 surgens,
276 2054 457 2091 utrumque
482 2049 681 2087 exercitum,
705 2054 845 2091 pontem
871 2049 1093 2088 transeundo,
1117 2049 1240 2082 videns
1262 2054 1376 2081 utrum
1401 2049 1523 2082 attenti
1555 2054 1678 2086 essent,
1702 2050 1748 2083 ad
1778 2050 1942 2083 excubias

6 2118 13 2122 ν’
102 2103 211 2136 visum
234 2101 318 2141 ibat,
342 2102 467 2136 ducem
491 2108 526 2135 et
548 2102 753 2145 principem,
777 2101 892 2135 adhuc
915 2112 1037 2135 somno
1061 2113 1243 2146 oppressos
1258 2103 1448 2142 inveniens,
1465 2101 1614 2135 ludibrio
1630 2102 1789 2136 habebat.
1835 2103 1942 2135 Porro

8 2159 17 2205 ’.ζ
55 2190 59 2196 ,
101 2155 169 2199 ipsi
192 2155 318 2188 rubore
341 2155 652 2198 perfundebantur,
675 2156 771 2199 quod
793 2157 935 2201 juvenes
958 2156 1035 2198 ipsi,
1059 2156 1105 2189 ad
1128 2166 1214 2199 quos
1235 2156 1446 2199 peculiarius
1475 2156 1651 2199 negotium
1683 2155 1859 2196 attinebat,
1888 2166 1941 2188 se-

13 2231 15 2233 -
99 2209 238 2253 gniores
258 2209 384 2247 forent,
408 2209 533 2242 comite
555 2209 785 2252 provectioris
807 2210 931 2242 aetatis
953 2216 988 2242 et
1010 2210 1166 2252 corporis
1188 2209 1366 2252 plagarum
1391 2209 1618 2253 laborumque
1650 2210 1845 2252 asperitatis
1867 2210 1942 2242 viro

8 2299 17 2307 Ἢ
48 2271 55 2296 a*
101 2262 317 2306 vigilantiore
341 2262 519 2295 existente.
566 2262 656 2295 Nam
681 2268 714 2295 et
738 2262 781 2295 ab
805 2263 898 2295 omni
922 2262 1076 2295 exercitu
1100 2262 1175 2296 eius
1196 2263 1373 2307 vigilantia
1397 2262 1619 2297 admirationi
1643 2268 1726 2301 erat,
1756 2273 1941 2306 omnesque

50 2343 56 2355 ,
102 2316 175 2349 eius
197 2315 357 2358 exemplo
381 2315 620 2359 vigilantiores
641 2315 888 2356 reddebantur,
918 2325 1010 2348 anno
1033 2315 1234 2349 Dominicae
1257 2316 1504 2349 incarnationis
1526 2314 1719 2349 MXCVIII
1732 2315 1754 2348 ³.

187 2369 239 2403 Ibi
263 2379 299 2402 se
321 2369 552 2412 impl-egnavit
575 2369 750 2402 comitissa
772 2368 939 2402 Adelasia
961 2369 1007 2401 de
1030 2369 1157 2402 comite
1179 2369 1348 2413 Rogerio.

10 2489 19 2499 V,
194 2477 216 2493 1.
234 2468 328 2493 millis
347 2469 510 2493 enumeret?
529 2475 590 2493 cum
610 2469 637 2493 Ρ
654 2482 686 2486 ——
706 2476 730 2502 3.
750 2466 888 2502 intendit]
908 2468 1016 2493 incedit
1035 2468 1100 2493 BD
1111 2480 1123 2487 -
1135 2466 1253 2502 desueti]
1273 2468 1392 2494 dissueti
1405 2469 1470 2493 BD
1488 2482 1496 2486 -
1514 2466 1624 2502 multis]
1646 2468 1735 2493 nullis
1747 2469 1776 2493 P
1788 2482 1818 2487 —
1839 2477 1863 2501 4.
1879 2469 1943 2494 sati-

8 2502 12 2524 ἶ
103 2510 198 2544 gando
217 2510 285 2542 quin
306 2510 457 2535 recreando
475 2517 525 2535 om-
543 2511 607 2535 BD
625 2523 637 2529 -
655 2508 721 2544 sibi]
741 2512 770 2535 et
787 2510 850 2535 BD
867 2523 900 2528 —
921 2510 945 2535 8.
965 2510 1016 2535 de.
1029 2529 1052 2536 ..
1063 2527 1070 2535 .
1089 2507 1230 2544 credulus]
1249 2511 1284 2535 de
1301 2517 1335 2535 eo
1348 2518 1446 2535 versus
1459 2511 1594 2543 Apuliam
1607 2511 1774 2543 expectabat
1786 2510 1940 2536 adventum

8 2549 14 2572 ἓ
48 2559 63 2582 ,κ
103 2551 167 2577 BD
184 2565 194 2570 -
214 2553 309 2577 animo
329 2550 416 2586 enlm]
436 2559 500 2577 nam
518 2552 545 2576 Ρ
560 2566 592 2570 -
615 2559 655 2577 ιο.
675 2550 800 2586 L1scum]
819 2552 930 2577 Listam
949 2553 1013 2577 BD
1032 2566 1064 2571 --
1085 2559 1126 2577 11.
1146 2552 1339 2577 submovendo
1357 2560 1407 2578 om.
1429 2553 1455 2577 D
1469 2567 1500 2571 —
1517 2559 1556 2577 12.
1570 2553 1696 2577 fluminis
1710 2553 1799 2586 ripam
1813 2554 1884 2578 P-
1902 2558 1941 2585 15.

13 2624 17 2631 .
44 2627 46 2630 .
102 2593 222 2620 &nette
239 2602 288 2619 om.
308 2595 335 2619 Β
346 2595 375 2619 D
395 2607 403 2612 -
422 2593 454 2618 In
475 2595 501 2619 B
518 2595 582 2628 dopo
594 2595 624 2618 M
636 2593 732 2627 (mille)
751 2595 765 2618 ὲ
783 2601 838 2618 una
855 2594 1037 2623 raschiatum,
1056 2595 1085 2619 D
1097 2587 1131 2619 dd
1143 2593 1266 2619 MXCVI
1279 2609 1311 2612 —
1328 2594 1368 2619 18.
1381 2594 1584 2620 submonendis
1598 2595 1626 2619 P
1637 2608 1668 2612 —
1686 2602 1726 2627 19.
1740 2595 1839 2628 inepto
1852 2602 1900 2619 om.
1915 2596 1942 2620 B

8 2651 15 2677 3
54 2641 56 2644 ’
105 2635 134 2660 D
152 2649 183 2655 —
203 2642 246 2661 ιο.
264 2636 500 2669 sustentamento]
520 2638 678 2661 sustentata
696 2638 856 2661 tutamento
876 2637 912 2665 P;
932 2637 1109 2661 substentata
1128 2636 1154 2661 B
1170 2649 1203 2655 -
1223 2643 1265 2662 22.
1284 2644 1456 2670 promovens
1475 2638 1541 2662 BD
1560 2651 1592 2654 —
1612 2642 1654 2668 ²5-
1674 2644 1725 2661 suo
1745 2635 1852 2671 urbem]
1878 2638 1940 2662 urbi

105 2685 135 2703 ne
151 2679 180 2704 Ρ
195 2692 226 2697 --
247 2678 289 2704 28.
307 2676 440 2712 tendunt]
461 2679 596 2704 incedunt
615 2679 640 2702 B
659 2691 691 2696 —
712 2685 754 2711 29.
774 2676 813 2712 et]
832 2680 899 2710 qula
918 2678 945 2704 P
963 2691 970 2696 -
990 2676 1118 2712 agendisl
1139 2678 1307 2704 ordinandis
1327 2679 1391 2704 BD
1404 2693 1435 2697 —
1451 2686 1493 2712 33.
1508 2677 1618 2712 videns]
1632 2679 1760 2703 Invisens
1773 2680 1845 2704 P—
1857 2686 1900 2712 35.
1913 2682 1941 2704 et

53 2715 61 2745 ’ἶ
105 2721 139 2746 ad
157 2729 227 2753 quos
244 2721 272 2746 Ρ
284 2735 317 2740 -
338 2721 381 2754 38.
398 2720 534 2747 chvn
553 2722 581 2746 Ρ

189 2790 198 2808 ¹
217 2792 328 2822 Odolo,
347 2793 378 2817 ln
398 2800 479 2826 prom
497 2793 526 2818 di
547 2791 684 2817 Cosenza.
1050 2793 1127 2826 “(aelc,
1148 2794 1245 2818 lnvece
1265 2794 1295 2819 di
1316 2793 1431 2826 1154)„‚
1450 2795 1579 2826 potremo
1600 2793 1720 2818 ritenere
1741 2793 1791 2818 che
1808 2794 1851 2819 sia
1871 2795 1939 2820 nato

189 2832 201 2850 2
219 2834 260 2859 Fu
279 2835 300 2860 il
322 2835 354 2860 16
373 2837 496 2868 maggio.
973 2856 978 2863 ,
1049 2836 1070 2860 il
1097 2842 1128 2861 22
1153 2836 1295 2861 dicembre
1322 2841 1399 2869 1095,
1426 2844 1440 2860 s
1463 2836 1517 2861 due
1546 2837 1613 2860 anni
1643 2836 1672 2860 di
1702 2836 1835 2861 dlstanza
1863 2836 1940 2862 dalla

8 2890 22 2912 *fi
39 2902 41 2904 ,
190 2874 200 2890 ³
219 2875 323 2902 Polche
347 2877 494 2911 sappi-mo
514 2877 549 2901 dn
568 2877 649 2902 Rom.
673 2877 808 2906 Sanan..
835 2878 864 2901 in
890 2879 931 2903 M.
960 2878 992 2902 G.
1048 2880 1158 2904 nascita
1171 2879 1199 2904 di
1221 2886 1271 2904 suo
1293 2879 1408 2905 fratello
1427 2878 1552 2904 Simone.
1588 2876 1694 2907 Quests
1708 2879 1774 2903 data
1789 2880 1940 2904 accettano

8 2909 12 2948 ἶ
28 2916 66 2958 ,,“’
105 2916 142 2943 11·
155 2917 214 2947 SS„
235 2918 291 2943 vol·
308 2917 382 2948 ΧΙΧ,
402 2926 427 2952 p-
447 2924 508 2951 427,
528 2918 578 2943 che
597 2918 743 2952 Rugglero
756 2918 790 2948 11.
806 2918 877 2943 morl
895 2919 992 2944 “anno
1047 2922 1138 2946 ormai
1157 2923 1227 2947 tutti
1246 2921 1286 2955 gli
1308 2923 1406 2947 stoi-ici
1427 2921 1504 2946 della
1523 2921 1689 2946 Menai-chia
1710 2928 1869 2947 normanna
1891 2921 1939 2954 (cs.

18 2955 22 2963 '
70 2985 71 2988 ,
107 2957 207 2985 “vitae
229 2967 294 2985 suae
319 2960 555 2994 quinquagesimo
575 2962 685 2991 octavo,
706 2961 850 2985 mensibus
875 2961 993 2990 duobus.
1048 2961 1175 2992 curu.
1197 2967 1235 2996 op.
1254 2965 1307 2995 eit„
1329 2973 1356 2997 p.
1377 2970 1426 2994 ²¹3
1445 2963 1644 2992 Cnnnmon.
1661 2966 1702 2996 op.
1719 2964 1773 2992 cit..
1793 2964 1812 2995 1,
1834 2963 1906 2997 352),
1925 2971 1940 2989 e

62 2997 69 3018 ’ἶ
106 3001 228 3028 “diebus
253 3003 384 3036 quinque,
408 3009 440 3035 27
460 3003 506 3028 dle
528 3003 671 3033 februnrll,
691 3010 767 3028 anno
786 3003 904 3029 Domini
927 3009 992 3036 1152
1048 3005 1105 3030 tale
1124 3005 1191 3030 data
1209 3008 1318 3031 accetto
1337 3005 1457 3030 anch’io.
1495 3005 1581 3030 Rests.
1599 3005 1699 3037 quindi
1716 2999 1939 3039 inintelligibile

1970 2842 1999 2868 ¹5

2010 1315 2086 1338 Μυκ..
2101 1315 2138 1334 6οι
