2314 3418
218 1161 248 1184 l),
264 1166 324 1185 137²!

336 2861 367 2878 10

405 229 474 266 100
981 224 1255 265 GAUFREDI
1284 229 1660 266 MALATERRAE
2074 236 2124 272 [Α.
2146 237 2238 272 1098]

484 351 633 383 XXVII.
658 369 698 374 -
723 351 811 384 Cum
835 351 898 384 ista
922 357 1080 394 aguntur,
1102 362 1194 393 papa
1218 351 1390 391 Urbanus,
1415 351 1625 395 colloquium
1649 354 1748 386 ducis
1770 360 1805 387 et
1829 355 1966 388 comitis
1989 355 2200 393 desiderans,
2216 365 2237 386 a

397 405 509 437 Roma
532 403 754 447 progreditur
777 409 811 435 et
834 402 927 446 apud
952 402 1117 445 Capuam,
1141 403 1200 435 ubi
1224 403 1259 434 in
1282 403 1480 436 obsessione
1504 404 1699 444 manebant,
1723 406 1858 445 venit¹;
1876 417 2070 450 comesque,
2087 418 2147 440 sex
2162 412 2236 440 ten-

395 457 482 489 toria
505 456 553 488 illi
579 455 773 488 deliberans
796 457 841 488 ad
865 456 1119 498 hospitandum,
1143 462 1297 499 sumptus
1320 457 1532 490 necessarios
1555 457 1846 491 abundantissime
1868 460 2081 493 ministravit.
2127 460 2237 493 Porro

396 510 482 552 ipse,
505 509 618 541 sciens
640 509 821 551 scriptum:
846 509 950 541 Beati
970 509 1073 553 pedes
1095 509 1402 552 evangelizantium
1424 514 1564 553 pacem3
1583 516 1617 543 et
1633 511 1739 543 Beati
1751 513 1896 555 pacefici,
1912 514 2066 556 quoniam
2083 513 2156 556 ipsi
2164 513 2241 556 filii

399 562 468 594 Dei
487 562 710 599 vocabuntm·;
735 567 770 594 et
793 561 877 595 alibi
901 563 1066 604 scriptum
1082 569 1149 595 est:
1168 564 1295 596 Pacem
1311 563 1438 605 habete,
1456 568 1489 596 et
1503 563 1598 596 Deus
1612 566 1710 607 pacis
1725 569 1760 597 et
1774 566 1960 599 dilectionis
1974 568 2041 599 erit
2055 566 2235 604 vobiscum3

395 623 429 648 et
451 615 598 647 maxime
623 615 704 658 quia
727 615 859 648 sciebat
882 625 918 648 se
942 616 1045 648 totius
1068 616 1337 649 Christianitatis
1361 628 1478 650 curam
1510 628 1591 650 suae
1622 618 1809 660 provisioni
1840 618 2045 662 delegatam,
2076 620 2120 653 de
2149 630 2237 662 pace

395 670 484 701 inter
506 669 599 711 ipsos
621 668 847 701 reformanda
869 669 982 711 primo
1007 670 1131 702 ducem
1155 675 1190 702 et
1213 671 1384 709 comitem,
1409 670 1672 713 principemque
1688 671 1817 714 pariter
1833 672 2055 713 conveniens,
2070 678 2239 706 attentare

395 722 519 766 coepit.
568 721 650 761 Qui,
675 722 818 756 consilio
843 723 988 762 comitis,
1012 724 1174 766 prudenti
1197 724 1423 766 responsione
1439 724 1502 763 usi,
1518 725 1554 756 in
1570 725 1767 767 praesentia
1782 725 1974 768 apostolici,
1989 726 2048 770 qui
2064 736 2146 759 sane
2160 726 2238 759 vice

396 775 489 808 beati
512 775 608 808 Petri
632 775 752 808 dicunt
774 786 810 808 se
833 776 887 819 jus
909 775 1007 815 inire,
1030 776 1057 808 si
1083 786 1102 808 a
1125 774 1300 819 Capuanis
1322 776 1396 819 pari
1421 776 1623 810 discrimine
1646 777 1739 810 idem
1763 777 2006 821 exequebatur,
2030 778 2238 811 concedunt.

483 829 579 872 Papa
602 829 694 861 infra
718 828 836 861 urbem
859 830 955 862 idem
979 829 1022 862 de
1045 829 1217 872 Capuanis
1241 829 1405 862 rescitum
1429 830 1569 868 vadens,
1594 830 1674 863 dum
1699 830 1743 862 ab
1765 830 1918 874 utrisque
1942 830 2095 873 partibus
2111 841 2238 865 conce·
2264 831 2277 864 1

393 882 496 919 ditur,
519 893 581 925 spe
598 883 837 915 conficiendae
859 883 956 925 pacis
979 884 1107 915 frustra
1129 883 1297 927 gaudens,
1320 884 1506 916 renuntiat.
1552 883 1636 916 Dies
1660 883 1860 926 disputandi
1883 884 2051 917 statuitur.
2096 884 2159 917 His
2175 894 2237 927 op·

394 935 600 978 ponentibus
623 942 659 968 et
681 936 757 974 illis,
781 941 883 978 prout
905 945 979 969 sese
1002 946 1058 969 res
1080 936 1242 975 habebat,
1266 937 1567 979 respondentibus,
1585 937 1702 980 'gravi
1719 937 1906 980 sillogismo
1923 937 2099 980 Capusnis
2113 937 2238 982 ajudi-

395 989 494 1021 cibus
516 989 674 1032 legaliter
697 990 874 1022 conclusio
898 989 1158 1022 determinatur.
1205 988 1371 1032 capuani,
1394 990 1573 1022 audientes
1596 1000 1634 1022 se
1655 989 1786 1032 judicio
1810 991 2043 1034 praegravari,
2058 990 2113 1023 vel
2130 1000 2238 1034 oppo-

393 1042 517 1075 sitione
548 1043 604 1075 vel
631 1042 829 1075 rationabili
852 1043 1127 1075 contradictione
1158 1050 1278 1076 contra
1307 1043 1441 1086 judices
1470 1042 1532 1082 usi,
1564 1044 1703 1085 publice
1734 1053 1770 1076 se
1801 1043 1986 1087 injuriosos
2017 1049 2239 1082 ostentantes,

395 1096 519 1139 exequi
533 1095 589 1128 vel
606 1095 699 1129 nolle
715 1096 771 1128 vel
786 1107 857 1128 non
871 1106 972 1138 posse
989 1096 1204 1128 denuntiant.
1252 1095 1358 1134 Quod
1374 1096 1518 1129 audiens
1532 1097 1586 1128 vir
1602 1097 1810 1138 apostolicus
1826 1102 1871 1135 et,
1888 1096 1968 1140 quia
1992 1096 2079 1129 haec
2102 1096 2147 1129 ab
2169 1095 2240 1129 illis
2265 1096 2278 1129 l

400 1149 605 1191 exequenda
628 1148 822 1191 interrupta
845 1149 995 1187 fuerant,
1018 1149 1268 1192 aliquantulum
1300 1149 1528 1188 erube'scens,
1559 1149 1677 1193 gladio
1708 1149 1803 1182 beati
1833 1149 1927 1182 Petri
1957 1149 2237 1183 animadvertens

392 1202 647 1241 interminatur,
670 1202 761 1245 parti
785 1209 978 1234 nostrorum
1003 1213 1046 1234 ex
1068 1207 1142 1235 toto
1165 1203 1319 1236 favendo
1341 1213 1378 1235 se
1402 1203 1558 1241 contulit,
1582 1203 1812 1236 constantiam
1843 1203 1978 1236 comitis
2009 1203 2045 1235 in
2072 1202 2238 1247 justitiam

394 1255 634 1299 exequendam
657 1255 905 1298 perplurimum
929 1255 1083 1294 laudans,
1107 1256 1283 1300 vitamque
1307 1257 1380 1288 eius
1396 1257 1487 1288 omni
1503 1267 1586 1288 cura
1602 1257 1738 1289 Romae
1755 1261 1791 1288 et
1807 1256 1927 1288 Italiae
1942 1256 2238 1298 pernecessariam

394 1319 559 1342 asserens.
607 1309 697 1342 Nam
719 1309 821 1342 timor
844 1308 917 1341 eius
939 1309 1056 1351 plures
1079 1309 1121 1342 ab
1145 1309 1339 1348 insolentia,
1363 1310 1543 1353 plusquam
1568 1309 1660 1342 zelus
1684 1309 1883 1352 honestatis,
1907 1309 2161 1352 compescebat.

482 1362 708 1405 Apostolicus
730 1362 847 1406 itaque
871 1362 1116 1395 ecclesiasticis
1138 1363 1296 1406 negotiis,
1320 1362 1501 1406 plusquam
1533 1362 1845 1405 expeditionalibus
1875 1362 2049 1396 exercitiis
2077 1363 2239 1402 intentus,

392 1422 443 1449 tot
464 1416 659 1459 talibusque
683 1415 884 1449 tumultibus
907 1421 1023 1448 mente
1047 1416 1240 1455 declinam,
1264 1416 1319 1448 his
1341 1416 1449 1448 tribus
1472 1415 1699 1458 principibus,
1722 1416 1785 1449 sed
1808 1422 1842 1448 et
1857 1415 1950 1448 omni
1972 1415 2139 1449 exercitui
2155 1425 2240 1458 apo-

393 1469 518 1502 stolica
540 1469 786 1502 benedictione
810 1479 985 1507 concessa,
1010 1469 1244 1502 Beneventum
1261 1470 1411 1502 secessit.

482 1567 649 1600 XXVIII.
672 1586 714 1591 —
740 1566 867 1601 Comes
889 1575 1005 1601 autem
1029 1578 1106 1600 cum
1131 1568 1220 1600 duce
1243 1573 1276 1599 et
1291 1568 1450 1610 principe
1467 1567 1504 1599 in
1520 1567 1778 1610 oppugnatione
1794 1567 1890 1599 urbis
1912 1567 2136 1600 attentissime
2158 1575 2238 1610 per-

393 1622 562 1661 sistentes,
586 1622 866 1654 machinamenta
888 1622 932 1654 ad
955 1621 1075 1654 urbem
1093 1621 1298 1663 capiendam
1317 1621 1596 1654 artificiosissime
1612 1625 1743 1663 aptant.
1789 1620 1946 1662 Capuani
1961 1619 2071 1663 primo
2086 1619 2238 1654 ludibrio

393 1674 534 1713 habere,
558 1675 814 1708 contemnendo
837 1675 882 1707 ad
906 1674 1147 1708 defensionem
1170 1684 1245 1706 sese
1270 1675 1316 1707 ad
1338 1674 1489 1706 invicem
1512 1674 1699 1712 cohortari,
1723 1673 1803 1706 duci
1826 1679 1952 1711 tamen,
1976 1672 2033 1705 vel
2056 1672 2174 1706 comiti
2188 1683 2237 1712 se,
2260 1672 2303 1706 2⁴¹

393 1729 422 1761 si
437 1729 622 1762 retinendo
638 1728 797 1770 recipere
812 1728 932 1766 velint,
948 1727 1066 1761 urbem
1083 1727 1231 1760 reddere
1248 1733 1426 1761 attentant.
1463 1727 1536 1760 Sed
1552 1726 1754 1760 nobilissimi
1770 1726 1956 1769 principes,
1972 1726 2061 1758 hanc
2076 1726 2236 1760 fraudem
2300 1723 2302 1731 ’

393 1782 458 1815 sibi
481 1783 677 1815 nullatenus
700 1792 871 1815 assumere
893 1781 1058 1823 volentes,
1083 1782 1147 1813 nisi
1170 1788 1207 1814 ut
1229 1780 1380 1823 principi
1402 1782 1604 1820 reddantur,
1627 1781 1851 1824 acquiescere
1873 1780 1965 1822 passi
1988 1790 2056 1812 non
2080 1785 2168 1813 sunt.

482 1835 542 1874 At,
565 1835 625 1868 ubi
649 1835 807 1878 Capuani
829 1835 1109 1868 machinamenta
1130 1840 1297 1877 apparata
1327 1845 1445 1867 versus
1471 1834 1592 1866 urbem
1622 1834 1832 1876 appropiare
1862 1833 1992 1871 vident,
2023 1842 2113 1876 quae
2141 1833 2237 1876 prius

395 1889 543 1923 ludibrio
559 1889 744 1927 habebant,
761 1890 1056 1927 exhorrescentes,
1073 1888 1250 1920 deditione
1267 1887 1360 1920 urbis
1376 1897 1462 1926 sese,
1480 1887 1625 1920 consilio
1641 1886 1790 1925 comitis,
1814 1886 2030 1919 committunt
2037 1885 2061 1919 ².
2107 1886 2236 1930 Sicque

391 1943 468 1985 ipso
491 1943 680 1976 mediatore
703 1942 766 1981 usi,
789 1942 848 1974 vix
869 1951 950 1974 suae
973 1941 1109 1973 fraudis
1132 1941 1318 1983 impunitas
1340 1940 1553 1983 impetratur.
1599 1939 1756 1982 Principi
1780 1950 1844 1982 pro
1866 1939 1965 1972 libitu
1988 1950 2049 1973 suo
2065 1939 2147 1973 urbs
2169 1939 2236 1973 Ca·
2257 1940 2299 1972 3⁶.

392 2006 508 2039 puana
530 1995 732 2029 restituitur.
777 1994 811 2027 A
833 1994 992 2037 principe
1016 1993 1097 2026 duci
1120 1999 1155 2026 et
1185 1994 1303 2025 comiti
1326 1994 1459 2036 gratiae
1489 1993 1654 2026 referunt.
1701 1993 1779 2025 Dux
1809 1998 1844 2024 et
1869 2002 1984 2025 comes
2007 1993 2100 2035 apud
2123 1993 2236 2027 Saler-

395 2060 476 2082 num
498 2049 628 2092 pariter
652 2048 903 2092 digrediuntur.
949 2046 1118 2089 Princeps
1140 2057 1204 2088 pro
1228 2056 1289 2079 suo
1314 2046 1412 2079 libitu
1435 2046 1555 2078 urbem
1579 2045 1771 2087 vindicans,
1794 2046 1830 2077 in
1861 2045 1975 2078 altiori
2005 2045 2090 2078 turri
2118 2044 2236 2078 trium-

393 2102 547 2146 phaliter
568 2102 771 2144 hospitatur.

483 2199 616 2234 XXIX.
642 2218 682 2223 ——
706 2199 814 2242 Papa,
837 2198 958 2232 urbem
982 2197 1153 2231 redditam
1179 2204 1213 2230 et
1235 2208 1358 2240 pacem
1380 2198 1472 2230 inter
1495 2199 1588 2240 ipsos
1619 2198 1749 2230 factam
1780 2197 1936 2236 audiens,
1966 2196 2096 2240 gaudet
2126 2201 2161 2229 et
2190 2196 2236 2230 de
2289 2243 2292 2247 ἶ

393 2255 518 2287 fraude
542 2263 740 2296 compressa
762 2257 798 2285 et
821 2252 865 2284 de
889 2261 978 2295 pace
1002 2251 1176 2284 confecta.
1222 2251 1294 2284 Sed
1321 2252 1403 2294 quia
1432 2251 1557 2284 ducem
1590 2257 1623 2282 et
1654 2250 1814 2283 comitem
1845 2246 2024 2283 Salernum
2053 2249 2234 2283 secessisse

392 2307 537 2345 audivit,
559 2306 681 2340 nolens
698 2305 877 2344 comitem,
900 2305 1013 2338 donec
1038 2304 1100 2337 sibi
1133 2305 1304 2348 loquatur,
1337 2315 1456 2336 versus
1487 2304 1639 2337 Siciliam
1671 2313 1834 2346 remeare,
1866 2303 2020 2336 illorsum
2051 2302 2235 2336 accelerat.
2296 2299 2297 2303 ’

482 2426 506 2444 2.
531 2418 716 2452 progrediens
733 2417 807 2450 apud
826 2418 855 2442 P
871 2430 881 2435 -
901 2417 948 2441 ubi
969 2417 1159 2441 obsessionem
1178 2417 1312 2441 tenebant
1333 2417 1359 2440 P
1370 2430 1401 2433 —
1416 2424 1441 2447 4.
1462 2417 1521 2447 ipse
1535 2416 1671 2448 scriptum
1686 2415 1831 2447 proferens
1845 2415 1936 2440 istud:
1956 2415 1984 2439 D
2002 2428 2012 2432 -
2030 2414 2087 2447 ipsi
2100 2421 2148 2439 om.
2161 2414 2233 2439 P-

393 2463 418 2488 S.
437 2469 504 2487 sane
523 2459 596 2494 vice]
613 2461 697 2493 copia
707 2461 744 2485 -P
755 2473 788 2478 —
802 2468 827 2493 9.
841 2459 904 2492 pari
918 2456 1094 2492 discrimine]
1108 2459 1275 2491 rescriptum
1288 2459 1313 2483 B
1323 2459 1350 2483 D
1362 2473 1394 2477 —
1408 2464 1483 2489 9-10.
1498 2459 1571 2482 idem
1583 2478 1587 2482 .
1600 2477 1605 2482 .
1617 2475 1624 2482 .
1635 2475 1642 2482 .
1662 2459 1795 2482 rescitum
1814 2465 1862 2482 om.
1884 2459 1948 2482 BD
1967 2470 2000 2475 —
2023 2463 2062 2482 11.
2076 2454 2232 2490 renuntiat]

394 2505 489 2537 aliqua
508 2504 573 2529 BD
591 2517 624 2521 -
646 2510 734 2535 13-14.
753 2501 948 2535 oppositionis
967 2501 1012 2525 vel
1033 2501 1216 2526 rationabilis
1236 2501 1478 2525 contradictionis
1499 2500 1563 2525 BD
1588 2513 1619 2518 —
1648 2507 1687 2531 14.
1710 2501 1829 2533 injurias
1853 2500 1879 2524 Β
1902 2513 1935 2517 -
1964 2498 2004 2524 16.
2028 2498 2184 2532 exequendi
2209 2499 2238 2524 P
2264 2502 2268 2506 ⁴

395 2548 554 2579 interrupta
573 2543 698 2578 fuerant]
715 2545 909 2570 luternuntIus
929 2544 1022 2568 suerat
1038 2543 1066 2567 P
1083 2557 1107 2561 ·-
1137 2542 1222 2574 17-18.
1240 2544 1383 2577 Justitiam
1401 2540 1605 2576 exequendam]
1625 2543 1713 2567 fortia
1731 2542 1887 2567 exercenda
1906 2542 1934 2567 P
1951 2555 1983 2560 -—
2003 2548 2046 2566 21.
2063 2542 2109 2566 tot
2128 2541 2233 2566 talibu—

395 2589 474 2622 sque]
494 2589 633 2613 totalibus
653 2588 681 2612 P
698 2601 707 2605 -
725 2586 877 2612 mentendo
901 2586 1048 2611 declinans
1068 2585 1130 2609 BD
1150 2599 1182 2603 -
1203 2592 1292 2618 23-24.
1319 2586 1472 2618 persistens
1490 2585 1518 2609 P
1539 2599 1570 2603 -
1592 2591 1634 2618 ²5·
1653 2586 1834 2609 contemnere
1852 2585 1880 2609 P
1895 2597 1930 2602 —
1949 2589 1990 2615 27.
2010 2591 2068 2608 non
2087 2590 2136 2608 on.
2153 2583 2182 2608 D
2200 2596 2234 2602 —

395 2631 436 2656 28.
461 2632 693 2665 appropinquare
716 2631 746 2655 D
759 2644 786 2648 -
808 2636 850 2662 30.
876 2625 1043 2661 mediatore]
1063 2629 1205 2652 mediante
1224 2629 1286 2652 BD
1311 2641 1322 2647 -
1348 2629 1519 2660 impunitate
1539 2628 1605 2652 BD
1625 2642 1655 2646 —
1676 2634 1718 2659 3²·
1746 2635 1796 2660 pro
1815 2634 1864 2651 om.
1882 2627 1910 2651 P
1925 2639 1936 2645 -
1957 2625 2042 2658 turri]
2061 2627 2136 2651 terra
2154 2625 2182 2650 D
2199 2639 2233 2644 —
2288 2623 2292 2666 η’

393 2681 436 2706 34.
455 2675 483 2698 et
501 2673 606 2706 gaudet
625 2672 659 2697 de
680 2672 706 2697 P
722 2685 754 2690 —
775 2678 817 2704 35.
836 2670 947 2696 Salerni
967 2677 996 2695 se
1014 2670 1129 2694 cessisse
1149 2671 1176 2694 B

394 2770 422 2795 la
448 2771 560 2796 curiosa
580 2770 654 2795 frase
672 2770 717 2794 del
739 2770 785 2800 M.‚
804 2766 919 2798 benche,
942 2768 971 2792 ai
996 2768 1058 2792 suoi
1085 2769 1182 2800 tempi,
1205 2768 1225 2792 il
1245 2768 1282 2791 Di
1340 2769 1425 2792 sic-me
1443 2774 1495 2792 con
1515 2768 1738 2796 sant'Anselmo,
1751 2767 1934 2792 arcivescovo
1947 2766 1977 2790 di
1991 2765 2176 2798 Canterbury,
2191 2765 2235 2789 nel
2286 2759 2289 2765 ²
2312 2762 2314 2775 ¹

394 2814 457 2838 Meo
475 2812 598 2846 (Annali,
612 2812 650 2836 ad
660 2820 702 2836 an.
724 2810 811 2844 1053),
832 2817 881 2843 per
900 2809 992 2842 quelle
1012 2809 1164 2834 deficienze
1183 2809 1285 2842 ch’egll
1340 2818 1439 2842 campo
1459 2810 1486 2834 di
1509 2809 1616 2842 Capua,
1636 2811 1660 2833 ci
1682 2817 1764 2833 narra
1777 2809 1859 2833 molti
1874 2808 2040 2841 partlcolari
2056 2807 2099 2832 sul
2119 2808 2236 2840 viaggio

394 2856 555 2880 lamentava
577 2854 623 2879 nel
649 2855 724 2879 testo
750 2854 779 2878 di
805 2852 966 2878 Romualdo
990 2851 1183 2880 Salemstano,
1203 2852 1284 2876 abbia
1339 2861 1354 2877 e
1373 2853 1662 2878 sull’abboccamento
1682 2853 1710 2877 di
1731 2853 1848 2877 Urbano
1868 2852 1913 2876 coi
1927 2851 2054 2885 principi
2069 2851 2236 2875 normanni.

394 2898 460 2922 dato
480 2905 517 2922 un
538 2899 615 2922 certo
635 2897 742 2926 valore,
761 2903 806 2921 ma
825 2896 897 2921 assai
918 2893 1168 2927 appressimativo‚
1187 2901 1204 2918 a
1223 2901 1285 2926 que-
1427 2892 1439 2909 ²
1458 2893 1507 2918 Gli
1522 2893 1641 2918 Annales
1663 2893 1828 2921 ausimum,
1845 2893 1882 2916 ad
1898 2899 1942 2916 an.
1957 2890 2034 2924 1098,
2049 2891 2079 2915 in
2093 2891 2133 2915 M.
2149 2891 2182 2915 G.
2195 2889 2232 2914 H.

394 2942 437 2964 sta
458 2939 637 2964 iudicazione
656 2938 851 2971 cronologica.
1341 2936 1401 2965 SS.,
1420 2935 1479 2960 vol.
1498 2935 1573 2966 XIX,
1592 2935 1658 2967 306;
1678 2935 1758 2959 Rom.
1777 2934 1911 2963 Sunius..
1930 2934 2008 2962 ibid„
2026 2940 2053 2965 p.
2078 2939 2140 2965 413,
2164 2933 2235 2958 atte-

483 2979 490 2996 ¹
510 2981 556 3006 Cf.
576 2981 716 3005 Eamvunu
743 2981 804 3006 Vita
820 2980 907 3004 sunm
924 2978 1058 3007 Amin-i,
1078 2979 1108 3002 in
1136 2977 1288 3010 Patrotogfa
1343 2979 1427 3003 stano
1445 2978 1496 3002 che
1522 2978 1549 3002 la
1575 2977 1645 3002 cittii
1666 2977 1782 3002 dovette
1805 2976 1961 3001 arrendersi
1987 2976 2063 3007 dopo
2083 2981 2119 3007 40
2138 2974 2236 3007 giornt

393 3023 491 3051 latina,
505 3023 562 3047 vol.
577 3022 701 3055 CLVIII,
715 3031 742 3057 p.
759 3029 805 3047 101
821 3029 880 3055 sgg.
914 3021 990 3055 Egn,
1008 3020 1058 3045 che
1071 3020 1097 3045 si
1111 3022 1231 3045 trovava
1246 3021 1287 3044 in·
1344 3019 1492 3046 d’assedio.
