2320 3424
115 353 229 388 donec
250 354 325 396 ipse
347 353 477 392 veniat,
500 353 678 393 sustineat,
701 362 779 384 cum
803 356 944 384 centum
965 356 1097 383 tantum
1121 349 1286 382 militibus
1309 367 1350 372 —
1374 359 1444 381 non
1468 348 1559 380 enim
1582 347 1728 391 amplius
1743 346 1894 380 habebat
1918 365 1959 369 —

111 408 188 451 ipse
210 405 441 449 subsequitur.
488 405 588 439 Serlo
610 416 695 438 vero
719 410 868 438 castrum
883 405 1067 448 ingressus,
1083 403 1268 436 adventum
1285 402 1523 445 subsequentis
1538 401 1701 434 avunculi
1716 400 1808 432 infra
1823 401 1960 432 moenia

113 460 254 493 minime
277 459 450 497 sustinuit3
474 459 536 491 sed
558 469 622 502 per
644 464 772 501 portas,
803 463 841 490 ut
871 458 927 490 leo
958 457 1176 498 furibundus,
1207 457 1243 488 in
1272 457 1389 488 hostes
1419 465 1657 498 prorumpens,
1680 454 1804 486 multas
1826 459 1960 498 strages

34 543 35 546 ,
113 513 241 551 dando,
265 523 344 546 cum
366 512 433 544 tria
455 512 564 544 millia
587 518 700 544 essent
713 510 735 554 ¹,
760 510 915 554 exceptis
937 508 1124 553 peditibus,
1155 520 1300 553 quorum
1324 509 1458 541 infinita
1488 514 1562 541 erat
1592 506 1775 540 multitudo
1799 525 1840 531 —
1865 506 1959 550 quod

35 565 47 598 J
70 565 89 599 5
111 566 236 599 mirum
259 565 390 598 dictum
414 564 485 598 estl
509 583 551 588 —
575 565 662 608 ipse,
685 564 827 607 triginta
849 575 910 596 sex
932 563 1059 596 milites
1081 562 1224 601 habens,
1255 572 1374 595 omnes
1403 562 1438 593 in
1462 562 1580 605 fugam
1603 561 1716 594 vertit.
1762 561 1839 594 Hoc
1862 561 1959 593 facto

111 624 270 662 patenter
301 628 515 662 cognoscere
545 628 735 660 possumus,
765 616 891 649 Deum
924 616 1048 649 nostris
1078 616 1251 648 fautorem
1281 615 1400 648 fuisse.
1446 615 1536 647 Nam
1565 615 1736 648 humanae
1760 615 1862 656 vires,
1886 620 1956 646 tam

112 682 273 717 magnum
297 671 391 716 quid,
414 678 553 714 tamque
577 670 701 704 nostris
723 670 937 712 temporibus
963 669 1167 707 inauditum,
1197 678 1264 701 nec
1294 678 1514 710 praesumere
1546 667 1696 711 quidem,
1728 668 1855 700 nedum
1880 678 1961 709 per-

111 725 218 759 ficere
239 724 441 768 potuissent.
481 724 519 757 Si
541 730 657 756 autem
679 724 887 766 prophetam
909 722 1119 755 admirantes
1133 720 1351 764 requirimus'
1376 722 1566 754 dicentem:
1584 721 1760 763 „Quomodo
1773 724 1959 764 perseque-

38 812 41 826 ἴ
112 779 213 812 batur
235 789 320 811 unus
343 778 434 810 mille
445 777 475 816 2²,
497 788 578 810 nam
600 777 668 810 hoc
690 776 772 814 istis,
804 782 841 809 ut
865 776 1041 819 quondam
1064 775 1144 808 filiis
1167 774 1273 807 Israel
1297 775 1497 817 provenisse
1520 775 1773 818 cognoscimus,
1799 775 1960 817 profecto

35 833 90 866 10
112 831 370 875 nobismetipsis
393 841 437 864 ex
461 831 612 864 eiusdem
634 831 827 873 prophetae
843 829 959 862 verbis
974 828 1103 872 absque
1119 828 1302 860 mendacio
1317 828 1530 869 respondere
1546 837 1741 870 possumus:
1757 827 1852 869 ,Quia
1868 827 1962 860 Deus

41 887 44 890 ’
110 896 189 918 sucus
210 885 363 918 vindicat
383 896 438 917 eos
460 889 494 916 et
514 883 682 916 Dominus
705 883 742 915 in
763 880 938 925 profundo
961 882 1178 925 iniquitatum
1201 891 1340 912 suarum
1363 880 1512 912 clavibus
1541 881 1617 916 irae
1647 892 1727 913 suae
1750 882 1961 914 concluserat

110 938 195 972 illos.
241 939 336 971 Deus
359 948 438 971 suus
462 956 503 960 —
528 938 608 971 dico
631 954 685 975 —-,
709 946 780 968 non
802 935 898 978 quod
921 945 999 967 eum
1022 934 1172 967 colendo
1197 933 1468 977 cognoscebant,
1492 934 1555 966 sed
1578 933 1670 977 quia,
1694 935 1849 977 quamvis
1872 934 1960 967 indi-

110 991 184 1036 gni,
207 993 236 1025 F
238 991 348 1025 actori
370 1002 431 1024 suo
454 990 579 1035 ingrati
603 989 796 1027 existendo,
819 994 934 1021 tamen
959 989 1031 1020 eius
1055 993 1234 1020 creaturae
1252 992 1362 1019 erant.
1407 987 1502 1019 Deus
1517 997 1598 1019 suus
1614 1006 1653 1010 —
1673 987 1753 1020 dico
1770 1007 1822 1026 —,
1839 998 1960 1020 secun-

28 1070 34 1089 5
99 1045 196 1078 -dum
218 1044 307 1077 illud
331 1044 426 1088 quod
448 1043 493 1076 ab
516 1042 685 1086 Apostolo
709 1041 920 1078 instruimur,
943 1040 1004 1073 ubi
1027 1041 1090 1072 ait:
1115 1040 1212 1073 Nam
1235 1040 1323 1072 idem
1353 1040 1448 1072 Deus
1473 1041 1630 1082 omnium,
1662 1041 1755 1072 dives
1784 1042 1820 1073 in
1851 1053 1961 1073 omnes

35 1097 86 1132 15
110 1098 174 1142 qui
192 1098 351 1131 invocant
372 1097 478 1130 illum.
525 1095 632 1134 Quod
654 1095 684 1128 si
717 1095 851 1138 aliquis,
874 1094 965 1126 hanc
989 1093 1194 1126 sententiam
1220 1092 1486 1131 dialectizando,
1511 1093 1789 1126 commutabilem
1805 1100 1959 1127 astruere

109 1151 306 1189 tentaverit,
330 1150 472 1183 dicens:
502 1151 516 1167 ‘⁴
531 1149 568 1182 Si
591 1148 687 1181 dives
709 1154 762 1180 est
785 1147 880 1179 Deus
902 1146 938 1178 in
961 1157 1029 1185 eos,
1054 1146 1113 1190 qui
1130 1146 1294 1178 invocant
1309 1146 1416 1185 illum,
1433 1147 1599 1189 consequi
1616 1153 1761 1189 oportet,
1777 1154 1814 1179 ut
1829 1157 1962 1190 pauper

116 1205 131 1222 ⁸
144 1205 182 1237 fit
202 1204 239 1236 in
263 1214 335 1243 eos,
358 1204 417 1247 qui
439 1213 510 1236 non
532 1202 698 1234 invocant
719 1200 860 1240 illum„
883 1200 1164 1242 respondendum
1187 1205 1255 1232 est:
1287 1201 1301 1216 ‘⁴
1316 1198 1423 1237 Quod
1446 1199 1540 1232 Deus
1563 1210 1629 1232 nec
1645 1207 1878 1244 augmentum,
1893 1211 1959 1233 nec

113 1257 128 1274 ‘⁴
143 1257 388 1290 detrimentum
410 1255 550 1299 patitur,
573 1264 639 1287 nec
661 1254 697 1286 in
720 1260 844 1287 natura
866 1253 990 1296 recipit
1013 1252 1123 1296 majus
1145 1253 1202 1285 vel
1225 1253 1349 1293 minus,
1379 1253 1453 1292 sed,
1484 1264 1620 1296 semper
1649 1254 1685 1286 in
1716 1255 1838 1287 eodem
1869 1261 1960 1288 statu

116 1311 362 1353 “permaneam
384 1318 519 1352 semper
541 1318 652 1351 aeque
676 1306 793 1339 omnia
816 1311 931 1348 potest
946 1329 974 1347 „.
1022 1305 1060 1338 Si
1090 1311 1205 1338 autem
1236 1316 1424 1348 pauperem
1456 1306 1574 1338 dicere
1608 1307 1857 1346 concludimur,
1889 1319 1958 1341 non

28 1365 88 1407 12⁰
111 1369 227 1397 tamen
251 1369 416 1407 quantum
436 1362 481 1394 ad
495 1361 618 1404 ipsum,
634 1360 697 1393 sed
712 1365 879 1402 quantum
894 1359 940 1391 ad
955 1358 1043 1396 illos,
1059 1359 1118 1401 qui
1134 1369 1171 1391 se
1187 1359 1349 1402 indignos
1365 1358 1545 1399 exhibent,
1561 1360 1684 1402 quibus
1700 1360 1958 1394 misericordiae

110 1427 193 1450 suae
216 1415 358 1449 divitias
380 1416 475 1448 Deus
497 1414 726 1457 impertiatur.

199 1468 326 1503 Comes
348 1468 478 1512 itaque,
501 1472 664 1510 nepotem
687 1466 889 1499 subsecutus
913 1476 992 1498 cum
1015 1472 1153 1498 centum
1177 1465 1353 1504 militibus,
1378 1465 1560 1499 Ceramum
1587 1467 1739 1506 veniens,
1771 1468 1955 1512 hostesque

111 1534 133 1556 a
154 1528 284 1567 nepote
315 1523 471 1555 devictos
495 1530 720 1566 cognoscens,
745 1520 827 1554 dum
851 1519 1023 1563 subsequi,
1047 1525 1084 1552 ut
1106 1519 1244 1562 plenius
1267 1519 1442 1560 devincat,
1474 1520 1654 1559 deliberat,
1686 1521 1890 1564 quibusdam
1904 1533 1958 1558 ‚ex

29 1601 32 1603 Δ
110 1577 235 1612 tinore
258 1574 519 1609 dehortantibus
543 1579 578 1607 et
601 1573 755 1607 sufficere
778 1573 844 1606 sibi
866 1573 1047 1606 victoriam
1072 1583 1093 1605 a
1116 1573 1191 1605 Deo
1215 1583 1279 1615 per
1301 1578 1465 1615 nepotem
1488 1574 1616 1607 factam
1633 1574 1827 1607 dicentibus
1850 1594 1891 1598 -
1916 1586 1960 1608 ne

26 1626 88 1664 525
110 1631 215 1670 forte,
238 1629 268 1662 si
289 1629 380 1662 ultra
402 1627 614 1670 insequendo
637 1625 894 1670 progrediatur,
916 1626 1057 1659 fortuna
1079 1625 1237 1659 rotabilis
1260 1632 1295 1658 et
1318 1627 1353 1659 in
1378 1626 1529 1659 deterius
1551 1628 1654 1660 cedat
1670 1646 1711 1650 —-
1737 1628 1891 1661 Ursellus
1915 1630 1959 1661 de

109 1681 292 1717 Ballione¹
315 1681 511 1724 exploranti
533 1680 651 1713 comiti
673 1679 916 1712 interminatus
937 1685 1000 1718 est,
1023 1690 1059 1711 se
1083 1690 1259 1722 nunquam
1289 1680 1346 1712 vel
1369 1679 1418 1712 ibi
1441 1681 1497 1713 vel
1521 1680 1601 1713 alibi
1625 1680 1691 1713 sibi
1714 1682 1878 1714 auxilium
1911 1683 1961 1714 la-

108 1743 235 1775 turum,
258 1735 324 1768 nisi
347 1740 526 1768 certamen
551 1744 629 1766 cum
651 1733 807 1767 hostibus
830 1733 934 1766 ineat.
981 1731 1089 1771 Quod
1113 1743 1228 1766 comes
1251 1733 1396 1766 audiens
1413 1734 1676 1767 dehortantibus
1697 1735 1836 1778 quidem
1853 1735 1961 1768 multa

111 1789 265 1823 convitia
286 1789 393 1821 iratus
416 1787 541 1826 intulit,
565 1786 735 1830 citiusque
759 1786 916 1819 hostibus
938 1796 1058 1819 versus
1088 1792 1201 1819 castra
1232 1797 1351 1819 eorum
1379 1805 1416 1810 -
1449 1786 1531 1820 illuc
1563 1789 1653 1820 enim
1685 1789 1894 1831 aufugerunt
1918 1808 1959 1812 —

110 1843 242 1877 bellum
272 1841 401 1875 offerre
430 1841 537 1874 vadit.
583 1839 694 1873 Porro
726 1839 787 1880 illi,
817 1839 948 1872 viribus
976 1840 1172 1882 resumptis,
1204 1835 1291 1873 duas
1321 1841 1415 1873 acies
1446 1851 1490 1873 ex
1520 1851 1596 1873 sese
1627 1842 1809 1879 facientes,
1835 1843 1960 1875 nostris

33 1897 89 1930 ⁴:¹⁶0
110 1896 276 1930 audacter
307 1903 490 1928 occurrere
522 1893 730 1926 accelerant.
777 1893 901 1926 Comes
930 1892 1046 1932 etiam,
1077 1893 1234 1926 similiter
1263 1893 1351 1926 duos
1374 1903 1504 1926 cuneos
1526 1894 1659 1927 faciens
1683 1905 1726 1927 ex
1749 1895 1831 1935 suis,
1853 1907 1958 1928 unum

38 1947 42 1952 '⁷
109 1949 230 1993 nepoti
254 1955 288 1982 et
311 1947 449 1982 Ursello
473 1953 510 1980 et
531 1946 696 1991 Arisgoto
721 1947 764 1980 de
787 1946 953 1985 Puteolis,
980 1952 1017 1979 ut
1047 1947 1301 1989 praecedentes
1331 1947 1443 1990 primo
1474 1947 1612 1986 feriant,
1643 1948 1838 1992 delegavit:
1874 1949 1959 1991 ipse,

112 2013 190 2037 cum
213 2002 323 2036 altero
346 2001 568 2045 subsequens,
591 2000 769 2039 bellatum,
792 2000 905 2033 Deum
927 1999 994 2033 sibi
1018 2000 1209 2044 adjutorem
1232 2001 1411 2039 invocans,
1434 2001 1541 2034 vadit.
1588 2001 1705 2034 Prima
1730 2008 1844 2035 autem
1867 2003 1960 2036 acies

110 2067 239 2096 eorum,
262 2054 444 2089 Serlonem
467 2064 544 2086 cum
567 2053 680 2097 prima
703 2054 780 2086 acie
803 2059 921 2086 nostra
944 2053 1166 2093 declinando,
1182 2059 1335 2086 montem
1351 2064 1453 2096 super
1467 2060 1602 2087 nostros
1617 2055 1815 2098 praeripere
1831 2056 1960 2094 volens,

35 2146 38 2147 ⁷
110 2109 252 2143 ultimae
268 2108 358 2141 aciei
373 2112 523 2146 nostrae,
539 2117 642 2150 quam
659 2116 775 2140 comes
790 2107 955 2147 ducebat,
971 2107 1134 2140 occurrit.
1172 2106 1298 2140 Comes
1315 2118 1398 2151 ergo
1413 2114 1447 2140 et
1463 2107 1620 2140 Ursellus
1637 2109 1681 2141 de
1696 2109 1865 2151 Ballione,
1882 2120 1961 2142 suos

35 2164 49 2183 ’·
67 2162 87 2197 5
110 2162 211 2197 solito
234 2161 534 2196 formidolosiores
557 2171 642 2203 prae
672 2160 778 2192 nimia
799 2160 1022 2194 multitudine
1045 2161 1204 2200 hostium,
1227 2171 1331 2204 quam
1361 2161 1602 2200 exhorrebant,
1625 2162 1793 2200 videntes,
1818 2163 1960 2196 ‘talibus

109 2213 406 2249 exhortationibus
427 2214 585 2246 timorem
609 2223 653 2246 ex
674 2213 756 2256 ipsis
779 2219 944 2246 excutere
967 2213 1183 2246 nitebantur:
1211 2215 1226 2231 '⁴
1240 2213 1393 2257 Arrigite
1417 2215 1549 2247 animos
1571 2221 1714 2256 vestros,
1738 2225 1758 2247 o
1782 2216 1960 2248 fortissimi

116 2270 131 2287 ‘⁴
144 2268 354 2302 christianae
376 2266 519 2300 militiae
542 2265 709 2311 tyrones.'
748 2266 878 2300 Omnes
901 2266 1031 2300 Christi
1054 2267 1152 2300 titulo
1174 2267 1328 2311 insigniti
1352 2278 1482 2300 sumus:
1508 2268 1567 2311 qui
1590 2279 1658 2301 non
1683 2269 1820 2301 deseret
1843 2269 1956 2313 signa-

209 2378 231 2397 1.
250 2373 362 2397 tantum
380 2378 428 2396 om.
441 2371 468 2395 P
477 2385 510 2390 —
524 2378 549 2404 3.
567 2370 644 2395 infra
664 2370 778 2395 moenia
796 2378 846 2395 om.
864 2371 893 2395 P
903 2371 927 2395 C
938 2383 948 2388 -
961 2370 1080 2395 minime
1092 2378 1141 2395 om.
1155 2371 1181 2394 B
1190 2371 1218 2395 D
1232 2383 1264 2389 -—
1278 2379 1302 2403 4.
1317 2370 1385 2404 tria]
1398 2371 1520 2404 triginta
1533 2373 1559 2396 P
1569 2372 1591 2396 C
1601 2386 1634 2390 —-
1648 2372 1673 2398 6.
1686 2373 1797 2398 affuisse
1810 2373 1835 2396 B
1844 2374 1874 2397 D
1886 2385 1920 2392 —
1934 2372 1958 2398 8.

112 2414 144 2440 Sl
156 2415 251 2440 autem
270 2411 448 2447 prophetam]
466 2412 544 2442 Quid
563 2414 657 2438 autem
676 2413 819 2446 Propheta
837 2413 887 2437 cosi
906 2413 972 2438 BD
990 2426 1022 2431 —
1042 2420 1067 2445 9.
1087 2413 1237 2438 Ierusalem
1254 2415 1281 2439 D
1294 2428 1326 2432 —
1343 2421 1383 2439 10.
1396 2421 1545 2446 possumus
1557 2422 1606 2440 om.
1619 2415 1684 2439 BD
1695 2428 1728 2433 —
1745 2422 1784 2439 11.
1798 2415 1884 2447 Deus]
1900 2416 1958 2440 Do-

113 2458 208 2482 minus
226 2457 256 2482 D
274 2469 284 2475 -
303 2455 379 2481 clavi
397 2455 424 2479 Ρ
438 2468 471 2474 —-
494 2462 534 2488 13.
553 2455 714 2480 existebant
734 2456 799 2480 BD
817 2468 826 2473 -
847 2457 976 2480 creatura
995 2456 1023 2480 P
1038 2469 1048 2474 -
1067 2455 1184 2488 inquam
1203 2456 1269 2481 dico
1287 2454 1344 2481 PC
1363 2470 1394 2475 —
1421 2464 1460 2490 15.
1486 2458 1702 2482 convertibilem
1722 2458 1863 2482 destruere
1880 2458 1907 2482 B
1925 2472 1956 2476 —

115 2498 200 2532 16-17.
219 2499 354 2530 consequi
366 2514 426 2523 ....
446 2497 672 2531 respondendum
690 2504 739 2522 om.
759 2498 825 2522 BD
843 2511 876 2516 —
904 2496 992 2530 17-18.
1017 2499 1084 2530 quia
1108 2498 1209 2523 Deitas
1234 2499 1296 2532 ipsa
1317 2501 1497 2531 augmentum
1517 2500 1561 2524 vel
1582 2499 1780 2524 detrimentum
1803 2507 1861 2525 non
1881 2501 1908 2525 Ρ
1924 2515 1957 2518 -

44 2542 46 2548 ’
69 2548 83 2576 5
116 2540 156 2567 ιδ.
175 2539 277 2575 majus}
295 2541 385 2574 magis
405 2541 431 2565 P
447 2553 480 2558 —
503 2540 588 2573 18-19.
607 2547 775 2573 permanens
795 2540 838 2564 sui
859 2547 995 2573 peraeque
1013 2541 1106 2565 dicere
1124 2541 1323 2566 concludimur
1342 2545 1400 2566 non
1422 2543 1461 2566 ita
1479 2544 1518 2565 sta
1539 2542 1627 2566 tcrs'tto
1645 2543 1674 2566 in
1693 2543 1815 2574 margine
1834 2543 1864 2566 dt·
1879 2543 1906 2566 B
1924 2555 1957 2561 -

49 2607 51 2611 .
113 2590 156 2609 ιι.
175 2583 250 2608 Deus
268 2591 316 2608 on.
336 2583 401 2608 BD
419 2596 449 2600 -
473 2589 516 2615 23.
533 2583 657 2616 deiectos
676 2583 706 2607 D
725 2595 757 2600 --
778 2582 819 2608 26.
840 2583 934 2607 Baliol
953 2583 1037 2615 Pqus·
1052 2591 1066 2607 e
1081 2582 1149 2616 gith
1170 2583 1313 2608 Ballionis
1334 2585 1358 2609 C
1374 2597 1385 2603 -
1404 2584 1580 2617 exploranti]
1600 2584 1782 2617 exprobando
1802 2585 1827 2608 B
1845 2597 1855 2603 -
1876 2583 1956 2619 alibi]

45 2630 55 2639 ⁴
111 2626 184 2652 alias
202 2626 257 2651 sibi
277 2626 304 2650 P
321 2639 354 2644 —
374 2624 416 2650 28.
434 2633 530 2650 eorum
549 2633 597 2649 om.
618 2624 681 2650 BD
700 2638 732 2643 --
753 2631 795 2657 31.
814 2624 933 2658 Agnoto
953 2625 987 2650 de
1006 2625 1128 2650 Puteolo
1147 2626 1173 2650 B
1193 2640 1224 2643 —
1243 2631 1287 2658 35.
1306 2626 1520 2651 formidoliores
1540 2626 1601 2651 PC
1618 2640 1626 2644 -
1647 2627 1828 2651 incurrebant
1848 2628 1907 2652 PC
1925 2641 1956 2646 —

114 2667 157 2701 36.
177 2668 310 2693 inlmlcos
330 2669 444 2693 nostros
462 2667 527 2692 BD

197 2755 206 2773 ¹
225 2756 352 2790 Accolgo
372 2756 399 2781 la
418 2756 562 2781 lezIone“
573 2757 630 2781 tria
643 2756 762 2788 millia„
782 2756 849 2780 data
862 2756 909 2780 dai
925 2756 1006 2781 codd.
1060 2759 1161 2790 agosto
1178 2764 1253 2791 1071.
1290 2758 1335 2783 Cf.
1349 2757 1677 2787 vamrzas-Cnmmso,
1690 2766 1717 2791 p.
1731 2757 1796 2790 691:
1810 2756 1842 2783 τὸ
1858 2757 1954 2791 μισθο-

1 2833 3 2837 ¹
45 2785 86 2822 Ιο
109 2798 138 2824 Β
155 2805 170 2823 e
187 2798 230 2828 ὓς
249 2805 302 2831 pur
321 2799 506 2827 nondimeno.
527 2798 554 2822 la
574 2798 696 2823 vittorla
716 2774 762 2822 din
765 2797 882 2822 Serlone
901 2805 1006 2830 appare
1061 2798 1184 2833 φορικὸν
1203 2802 1259 2827 τῶν
1278 2799 1381 2827 Οὔσων
1398 2799 1446 2827 καὶ
1467 2799 1531 2832 τσὺς
1556 2799 1703 2833 Φράγγους
1727 2798 1786 2826 σὺν’
1802 2799 1955 2827 'Pavonum

36 2867 43 2879 Μ
110 2847 218 2874 sempr-e
244 2841 405 2874 strepitosa.
1061 2840 1144 2875 ἀνδρί
1167 2842 1285 2876 γενναίω
1311 2842 1453 2876 πολεμικῶ
1479 2842 1609 2875 δωιφίηω
1627 2841 1700 2868 κατὰ
1717 2845 1767 2869 τοῦ
1792 2843 1816 2876 χ·
1837 2842 1898 2870 λιατ
1917 2842 1956 2875 εἰς

197 2881 209 2899 ²
227 2873 249 2908 ὲ
269 2883 291 2908 ll
311 2883 446 2908 valoroso
466 2881 580 2908 Onello
594 2882 622 2907 dl
638 2882 770 2911 Billlelss
785 2883 836 2907 Che
849 2883 900 2916 pol
912 2882 1005 2917 ΡΕΒΞό,
1060 2884 1217 2919 προνομὴν.
1255 2886 1299 2911 Cf.
1321 2887 1426 2911 inoltre
1446 2887 1478 2910 N.
1500 2887 1653 2914 BRYENNE,
1683 2886 1887 2915 Commentaria,
1912 2887 1956 2912 ed.

42 2990 58 3006 ,μ
110 2967 172 2992 tore
190 2967 220 2993 dl
238 2966 488 3000 Costantinopoli,
508 2975 522 2992 e
535 2974 584 3000 per
598 2968 698 2999 questo
713 2965 855 2993 combuttt
869 2968 904 2992 da
918 2969 1006 3001 prode
1060 2971 1106 2995 des
1126 2972 1228 2996 armdes
1247 2972 1399 3004 bymutincs
1420 2980 1453 2995 au
1469 2972 1515 2995 X!
1526 2971 1615 2999 siecle,
1626 2971 1654 2995 in
1670 2970 1691 2994 R
1703 2978 1742 2995 ev
1752 2978 1791 2995 ue
1805 2970 1956 2995 histori-

45 3006 84 3041 ’13
111 3010 212 3035 contro
231 3010 242 3035 1
261 3009 368 3035 Turchl
388 3009 463 3034 nella
481 3010 615 3042 giornata
634 3009 664 3034 di
683 3008 898 3035 Montzlcklert*
911 3010 956 3035 del
973 3010 1005 3035 26
1061 3020 1134 3044 que,
1159 3013 1213 3038 vol.
1234 3012 1298 3038 XVI
1317 3011 1417 3044 (1881),
1439 3019 1484 3044 pp.
1506 3011 1555 3045 289
1574 3019 1632 3044 sgg.

112 235 164 272 [Α.
185 236 278 271 1063]
483 229 554 264 DE
581 228 750 265 REBUS
778 227 956 264 GESTIS
983 226 1204 263 ROGERII
1232 223 1442 262 COMITIS
1472 224 1586 260 ETC.
1909 224 1956 258 43
2007 247 2009 249 -

110 2924 229 2950 intime
247 2933 301 2950 con
320 2924 448 2951 Roberto
468 2924 616 2961 Crlspino.
635 2924 663 2949 al
682 2925 804 2949 servizio
817 2924 884 2950 dell’
886 2925 1006 2959 impera.-
1060 2927 1157 2959 BoNN,
1175 2928 1210 2957 ΙΙ,
1232 2928 1321 2961 58-59,
1341 2937 1354 2953 e
1373 2928 1620 2959 SCULUMBERGER,
1636 2929 1713 2952 Deux
1727 2928 1800 2961 chess
1815 2929 1955 2953 normands
1984 2934 2018 2952 20

2036 623 2060 647 C,
2077 628 2123 646 mv

2030 730 2061 754 D,
2078 735 2138 754 lo7r

2025 2175 2098 2196 niun..
2115 2180 2138 2198 fit

2039 2281 2067 2303 B,
2083 2286 2130 2305 [jv
