2320 3424
143 311 1964 325 ..................................................................................................................................................................................................

60 356 69 388 ι’
120 364 228 398 turae,
251 359 403 403 eleganti
425 369 583 402 corpore,
606 361 727 404 lingua
756 362 1038 402 facundissimus,
1069 363 1219 396 consilio
1251 363 1406 404 callidus,
1437 365 1471 396 in
1505 365 1722 398 ordinatione
1754 365 1966 409 agendarum

71 436 73 441 .
120 419 233 445 rerum
257 412 434 455 providus,
458 413 615 446 omnibus
637 414 810 459 jocundus
832 422 867 448 et
889 416 1050 455 affabilis,
1081 417 1212 450 viribus
1243 417 1352 457 fortis,
1384 418 1504 451 militia
1534 419 1655 451 ferox:
1686 418 1808 462 quibus
1839 419 1969 452 artibus

62 475 74 511 j
120 465 220 499 brevi
241 471 396 509 tempore
418 477 555 500 omnem
574 468 721 512 gratiam
743 469 882 502 meruit.
926 468 1022 508 Quia
1048 481 1132 503 vero
1155 471 1321 505 factiosus
1346 477 1420 504 erat
1443 478 1478 504 et
1499 472 1654 512 laudis,'
1660 479 1698 505 ut
1719 474 1755 506 in
1779 474 1839 506 tali
1855 479 1967 506 aetate
2051 484 2076 509 c,
2091 490 2125 509 μ

73 516 77 542 ¹,
120 519 256 558 assolet,
279 526 458 563 appetem,
480 521 647 555 factiosos
669 532 825 566 quosque
847 522 931 556 'sibi
945 523 1100 582 alligans,
1124 534 1281 568 quaeque
1304 524 1432 558 habere
1455 531 1599 568 poterat,
1624 526 1771 560 libenter
1787 533 1822 560 et
1844 526 1965 571 largis-
2041 537 2072 561 D,
2088 543 2135 562 ⁹5r

119 573 205 606 sime
226 572 296 605 illis
317 573 590 616 impertiebatur.

205 626 316 660 Porro
341 627 563 669 Guiscardus‚
586 629 706 663 fratris
727 630 958 663 constantiam
980 637 1016 664 et
1030 631 1213 664 militarem
1229 633 1411 665 audaciam
1428 633 1556 666 certius
1572 634 1723 677 experiri
1738 634 1869 675 volens,
1886 646 1964 668 cum

79 726 82 729 Δ
116 682 297 725 sexaginta
319 687 452 714 tantum
464 682 628 716 militibus
643 683 792 726 plurima
807 684 914 717 millia
927 685 1075 719 hostium
1094 686 1345 719 debellaturum
1360 687 1396 719 in
1412 687 1608 720 Calabriam
1625 688 1757 733 dirigit;
1775 690 1844 733 qui,
1859 690 1966 723 auda-

69 750 82 783 ᾗ
115 740 190 768 cter
211 745 372 779 pergem,
396 736 431 768 in
447 736 562 770 altiori
577 738 758 770 cacumine
773 738 939 771 montium
953 738 1203 772 Vibonentium
1219 738 1226 754 ¹
1253 745 1524 781 castrametatus,
1539 742 1688 774 tentoria
1700 743 1784 782 fixit,
1799 749 1846 781 ut,
1861 743 1964 788 longe

66 799 80 819 s
116 788 253 832 lateque
277 789 379 828 visus,
402 789 538 822 incolas
561 790 832 835 circumquaque
854 791 996 825 facilius
1018 793 1219 826 deterreret.
1267 791 1374 831 Quod
1399 803 1477 826 cum
1505 801 1718 837 compertum
1750 796 1871 830 fuisset
1899 807 1964 840 per

68 844 86 875 ’ἴ
117 852 234 876 omnes
258 843 415 876 civitates
438 849 474 876 et
497 849 607 877 castra
622 844 713 878 illius
728 845 929 888 provinciae
947 851 982 878 et
997 846 1100 879 totius
1115 845 1216 879 vallis
1231 845 1425 880 Salinarum
1438 846 1461 887 ²,
1477 849 1586 881 territi
1602 859 1731 889 omnes,
1748 850 1892 894 legatos,
1906 851 1965 894 qui

115 905 240 939 pacem
263 896 450 939 postulent,
472 898 628 930 mittunt:
653 908 797 930 munera
826 898 974 940 plurima
1004 899 1136 938 dantes,
1168 899 1359 933 fortissima
1390 906 1502 933 castra
1533 901 1708 935 enerviter
1739 903 1891 937 reddunt
1920 903 1957 936 in

116 949 324 990 servitutem,
347 951 549 996 juramentis
571 957 606 984 et
629 951 809 985 obsidibus
831 951 1066 985 foederantur.

203 1062 284 1095 XX.
309 1081 350 1087 —
374 1062 445 1101 Sic,
467 1068 560 1095 terra
582 1062 628 1095 ad
651 1073 745 1095 suam
768 1069 804 1096 et
825 1063 943 1096 fratris
966 1063 1167 1097 fidelitatem
1189 1075 1252 1107 pro
1275 1065 1371 1098 libito
1394 1066 1562 1106 ordinata,
1586 1067 1768 1110 plurimum
1784 1070 1964 1111 pecuniae,

57 1106 66 1159 J·
115 1127 216 1161 quam
239 1122 437 1159 acceperat,
460 1116 495 1148 in
518 1115 682 1158 Apuliam
705 1116 806 1149 fratri
827 1127 891 1159 per
914 1117 1047 1160 legatos
1069 1118 1172 1158 misit,
1196 1124 1341 1151 eventus
1363 1130 1454 1159 suos,
1483 1120 1629 1164 qualiter
1644 1121 1766 1166 egerit,
1783 1122 1960 1156 mandans.

115 1170 194 1213 Ipse
217 1179 302 1204 vero
325 1175 485 1209 castrum,
509 1170 604 1213 quod
626 1169 814 1202 Nicefola³
837 1169 975 1210 dicitur,
998 1171 1245 1205 studiosissime
1276 1173 1425 1206 turribus
1449 1180 1483 1207 et
1512 1176 1781 1219 propugnaculis
1811 1177 1958 1216 firmans,

54 1241 57 1245 ν
112 1223 254 1257 armatis
275 1223 438 1256 militibus
460 1223 616 1261 munivit,
640 1222 808 1262 omnibus,
831 1233 921 1266 quae
944 1224 990 1257 ad
1014 1224 1141 1258 vietum
1164 1226 1358 1258 necessaria
1381 1233 1490 1266 erant,
1513 1228 1720 1261 sufficienter
1741 1229 1959 1263 introductis.

51 1267 58 1273 ⁴*
203 1276 415 1310 Guiscardus
438 1287 534 1316 vero,
557 1276 716 1318 pecunia,
739 1286 829 1319 quae
855 1275 923 1309 sibi
954 1288 974 1310 a
1004 1277 1113 1311 fratre
1144 1278 1280 1311 directa
1310 1285 1371 1319 est,
1403 1287 1560 1323 accepta,
1591 1287 1626 1314 et
1654 1282 1857 1315 strenuitate
1888 1283 1959 1315 eius

115 1330 243 1374 agnita,
265 1329 450 1372 plurimum
465 1329 604 1373 gavisus
619 1334 680 1368 est,
696 1329 836 1373 eiusque
853 1329 1063 1374 colloquium
1079 1331 1295 1372 desiderans,
1310 1338 1349 1365 ut
1364 1333 1409 1365 ad
1424 1344 1461 1366 se
1476 1335 1594 1367 venire
1610 1335 1795 1375 acceleret,
1811 1336 1961 1370 mandat.

57 1395 64 1419 [j
113 1383 189 1422 Ille,
212 1394 275 1416 sex
296 1383 534 1416 tantummodo
556 1381 722 1415 militibus
744 1382 899 1426 acceptis
922 1389 959 1417 et
986 1383 1129 1427 reliquis
1158 1385 1205 1418 ad
1234 1386 1401 1418 tuendum
1433 1393 1594 1426 castrum,
1625 1389 1720 1431 quod
1751 1389 1895 1427 fecerat,
1927 1395 1962 1421 et

54 1444 83 1466 ἢ·
113 1437 328 1481 provinciam
351 1437 589 1479 premendam,
610 1447 655 1469 ne
677 1437 837 1470 fraudem
860 1444 1105 1480 praesumeret,
1128 1439 1270 1479 relictis,
1292 1440 1330 1472 in
1352 1440 1516 1483 Apuliam
1539 1442 1583 1474 ad
1606 1442 1751 1475 fratrem
1775 1444 1879 1476 venit.
1926 1444 1959 1476 A

62 1512 65 1519 ⁴
113 1501 194 1535 quo,
226 1501 304 1524 cum
329 1491 496 1524 decenter
518 1490 638 1523 fuisset
661 1496 852 1533 susceptus,
876 1497 1019 1525 eventus
1033 1502 1112 1525 suos
1128 1493 1323 1526 alternatim
1339 1494 1575 1534 conferentes,
1591 1501 1709 1528 mutua
1725 1496 1959 1530 collocutione

60 1565 62 1567 >
113 1544 230 1578 laetati
251 1550 340 1578 sunt.

55 1687 61 1696 A
199 1652 297 1686 ΧΧῙ.
322 1671 364 1676 ——
388 1651 516 1698 Sicque
539 1664 618 1685 cum
641 1654 750 1686 fratre
773 1660 924 1688 moratus
948 1660 1011 1695 est,
1033 1655 1147 1689 donec
1172 1656 1347 1689 communi
1371 1656 1528 1696 consilio,
1550 1657 1680 1699 paratis
1702 1657 1767 1696 his,
1795 1668 1884 1701 quae
1915 1659 1961 1691 ad
2045 1669 2067 1692 c,
2083 1671 2118 1690 συ

49 1696 65 1753 ὲ
111 1706 368 1750 expeditionem
390 1707 586 1740 necessaria
608 1713 718 1747 erant,
741 1707 892 1741 maxima
921 1718 1024 1741 manu
1056 1710 1208 1752 equitum
1237 1715 1272 1743 et
1294 1710 1451 1752 peditum
1471 1711 1556 1754 juga
1586 1711 1753 1743 montium
1780 1710 1962 1744 Calabriae

51 1758 88 1805 :⁵
111 1760 404 1799 transcendentes,
428 1770 547 1793 versus
568 1760 722 1804 Regium
745 1761 923 1794 incedunt.
967 1760 1016 1794 At
1040 1771 1118 1794 cum
1141 1762 1177 1795 in
1200 1763 1323 1795 vallem
1348 1762 1544 1796 Salinarum
1561 1769 1702 1796 ventum
1718 1770 1781 1803 est,
1798 1764 1960 1798 Guiscar-

67 1823 69 1825 ’
109 1812 185 1856 dus,
208 1813 352 1847 audiens
374 1813 594 1857 Reginenses
616 1814 733 1847 omnia
756 1814 1035 1859 circumquaque,
1059 1826 1148 1859 quae
1170 1816 1216 1849 ad
1238 1816 1367 1849 victum
1390 1819 1586 1850 necessaria
1608 1823 1717 1857 erant,
1733 1828 1851 1852 secum
1866 1818 1959 1851 infra

60 1899 62 1901 ,
109 1867 230 1901 urbem
253 1866 416 1901 clausisse
441 1873 475 1900 et
496 1867 583 1900 nihil
606 1867 779 1908 relictum,
803 1868 897 1911 quod
920 1869 1087 1902 exercitui
1119 1880 1310 1914 congruum
1341 1870 1445 1908 foret,
1475 1870 1663 1913 providens
1692 1883 1735 1904 ne
1766 1871 1959 1905 obsidenda

51 1918 64 1955 ⁷.
106 1920 193 1954 urbe
216 1920 319 1954 famis
341 1922 499 1965 angustia
521 1921 712 1954 exercitum
735 1921 960 1964 propelleret,
983 1922 1175 1966 Rogerium
1198 1923 1344 1956 fratrem
1368 1934 1446 1957 cum
1472 1924 1638 1957 trecentis
1660 1924 1826 1958 militibus
1842 1936 1959 1958 versus

110 1978 271 2014 mnam,
293 1973 388 2018 quod
412 1974 597 2007 Geracium
611 1974 621 1990 ⁴
646 1974 783 2013 dicitur,
806 1975 840 2007 in
862 1976 1030 2018 praedam
1053 1976 1180 2021 dirigit,
1203 1987 1422 2019 summopere
1445 1978 1637 2011 admonens
1662 1984 1710 2012 ut.
1726 1978 1895 2022 quidquid
1911 1980 1957 2012 ad

72 2033 77 2054 ¹
106 2027 220 2061 victus
243 2030 439 2060 necessafia
461 2038 584 2071 rapere
607 2034 734 2071 posset,
750 2029 846 2071 apud
858 2029 1011 2073 Regium
1026 2030 1194 2063 exercitui
1210 2030 1377 2064 deferret.
1423 2032 1512 2074 Ipse,
1527 2037 1627 2065 recto
1643 2031 1767 2065 itinere
1781 2032 1957 2076 gradiens,

54 2087 70 2104 ⁵
107 2079 228 2115 urbem
251 2080 410 2115 obsidere
434 2081 621 2115 accelerat.

195 2188 309 2222 XXII.
333 2207 375 2213 —
387 2189 560 2234 Rogerius
574 2199 667 2228 vero,
683 2189 824 2223 studens
839 2191 886 2223 ad
901 2191 1046 2235 gratiam
1062 2191 1180 2225 fratris
1196 2198 1231 2225 et
1246 2192 1352 2225 totius
1367 2194 1553 2232 exercitus,
1570 2193 1665 2236 quod
1679 2193 1746 2226 sibi
1759 2193 1953 2237 injunctum

47 2236 56 2266 s
109 2246 194 2281 erat,
215 2252 395 2286 peragere,
418 2242 602 2276 altissimos
625 2243 731 2276 colles
754 2254 833 2276 cum
857 2243 1152 2287 'profundissimis
1167 2245 1314 2279 vallibus
1328 2247 1552 2289 perlustrans,
1568 2253 1606 2279 ut
1622 2247 1734 2280 fidelis
1750 2252 1785 2280 et
1801 2246 1952 2280 studiosa
2039 2258 2066 2281 B,
2080 2259 2115 2277 or

62 2320 73 2339 .-
105 2306 202 2339 apes,
225 2296 463 2330 onustissimus
486 2296 531 2330 ad
552 2298 744 2331 exercitum
767 2308 846 2331 cum
868 2298 1016 2331 maxima
1038 2298 1173 2341 praeda
1195 2300 1315 2333 rediit:
1346 2300 1486 2344 jamque
1509 2310 1601 2343 pene
1619 2301 1820 2334 deficientes
1835 2310 1953 2333 omnes

106 2346 319 2381 abundantia
340 2348 523 2382 recreavit.
570 2348 784 2382 Guiscardus
807 2359 900 2393 vero,
923 2349 1048 2384 videns
1071 2361 1110 2383 se
1132 2361 1254 2383 versus
1276 2352 1453 2385 civitatem
1476 2353 1588 2384 minus
1611 2352 1782 2394 proficere
1805 2358 1839 2384 et
1855 2363 1954 2386 exer-

107 2400 212 2434 citum
234 2401 356 2434 hiemis
378 2401 565 2444 asperitate
587 2402 730 2442 tardari,
757 2403 989 2436 obsessionem
1016 2404 1163 2442 solvens,
1194 2404 1538 2448 discensionibusque
1571 2405 1729 2438 omnibus
1753 2405 1857 2445 datis,
1879 2405 1954 2447 ipse

8 2488 10 2490 ,
53 2467 65 2502 :j
106 2453 199 2498 apud
220 2454 359 2498 Majam,
382 2454 558 2488 hiemandi
580 2457 701 2499 gratia,
725 2467 805 2490 cum
827 2456 947 2500 paucis
970 2457 1126 2491 secessit.

9 2620 12 2624 ,
64 2611 67 2615 .
199 2601 222 2619 ι.
241 2594 347 2619 callens
366 2594 430 2620 BD
448 2608 479 2612 —
500 2602 526 2627 3.
545 2593 652 2629 laudis]
670 2596 705 2620 da
722 2597 773 2628 qui
788 2597 943 2622 ricmis-eda
964 2596 988 2621 C
1003 2610 1013 2616 -
1034 2597 1146 2622 laudem
1166 2599 1193 2622 B
1211 2611 1244 2616 —
1265 2603 1289 2630 ς.
1309 2597 1536 2630 impertiebatur}
1550 2599 1727 2631 praecipiens
1740 2598 1765 2622 B
1778 2610 1810 2615 —
1824 2597 1850 2622 8.
1868 2598 1954 2623 Bibo-

7 2627 14 2640 ’”
65 2624 71 2654 ‚¹
109 2636 239 2661 nentium
259 2637 324 2662 BD
343 2650 374 2656 -
395 2643 437 2662 10.
455 2635 558 2670 castra]
575 2637 638 2663 loca
656 2638 683 2663 B
702 2651 712 2657 -
730 2638 889 2664 Salmarum
911 2638 948 2670 σς
968 2639 1112 2664 Silvarum
1135 2639 1195 2664 BD
1212 2654 1245 2659 —
1270 2647 1307 2666 ιι.
1328 2642 1447 2665 mittunt
1465 2641 1545 2671 BD3
1566 2641 1695 2673 dirigunt
1720 2641 1748 2664 P
1771 2654 1803 2659 -
1832 2647 1871 2673 13.
1897 2638 1955 2673 Sic]

6 2674 26 2702 ¹,
53 2672 70 2707 ⁴,
107 2676 161 2703 Hic
180 2678 245 2703 BD
264 2691 297 2697 -
320 2683 359 2710 ις.
379 2679 407 2703 P
422 2678 457 2703 Im
475 2679 606 2709 Inclfola.
625 2680 652 2704 B
668 2688 682 2705 e
694 2682 725 2706 D
736 2681 770 2706 de
782 2681 942 2706 Nuchisora
959 2695 988 2701 —
1005 2681 1094 2713 1S·¹⁶·
1107 2682 1230 2712 firmans,
1244 2684 1361 2708 armatis
1375 2683 1517 2708 militibus
1529 2691 1578 2708 om-
1593 2683 1656 2708 BD
1669 2696 1701 2700 —
1718 2688 1757 2714 17.
1773 2680 1952 2716 strenuitate]

50 2714 79 2745 ἶ,
108 2718 186 2754 ξος
205 2720 385 2746 fraternitate
402 2721 466 2747 Bc
483 2735 516 2739 —
537 2721 577 2747 18.
597 2724 709 2748 veniret
727 2723 843 2748 mandat
861 2723 926 2749 BD
951 2737 984 2742 -—-
1013 2731 1053 2756 19.
1078 2724 1187 2750 milites
1212 2732 1306 2750 secum
1331 2725 1443 2754 ducens.
1470 2725 1587 2758 reliquis
1612 2724 1662 2749 cosi
1682 2726 1709 2749 P
1725 2739 1758 2743 —-
1779 2731 1819 2749 20.
1842 2724 1955 2749 fraudes

12 2771 19 2778 *=
109 2765 318 2796 praesumerent
335 2764 364 2788 P
386 2776 419 2782 —
444 2770 486 2789 22.
505 2764 604 2790 laetati
626 2765 703 2797 BD3
729 2766 819 2791 locuti
839 2767 867 2791 P
884 2779 918 2786 —-
937 2773 980 2799 23.
999 2766 1087 2792 fratre
1105 2775 1154 2793 om.
1174 2768 1202 2792 P
1220 2781 1252 2786 —
1274 2767 1316 2793 26.
1334 2768 1508 2801 Rhegienses
1528 2769 1556 2793 P
1572 2781 1581 2786 -
1602 2769 1699 2792 omnia
1718 2769 1746 2792 et
1765 2774 1956 2799 quaecumque

49 2806 61 2841 {¹
111 2804 146 2830 sd
163 2805 223 2830 BD
241 2819 274 2824 —
288 2811 329 2838 27.
343 2804 510 2840 congruum]
531 2807 607 2837 BD;
628 2808 798 2841 contiguum
818 2810 846 2834 P
862 2822 872 2828 -
892 2809 1043 2834 insidenda
1066 2809 1090 2833 C
1106 2823 1139 2828 —
1159 2815 1201 2843 ²9.
1222 2809 1368 2835 Gli-scium
1390 2811 1454 2835 BD
1472 2823 1506 2828 ——
1525 2817 1566 2843 30.
1587 2810 1696 2834 deferat
1717 2810 1744 2834 Ρ
1764 2823 1793 2828 -
1812 2816 1856 2841 32.
1870 2811 1898 2834 et
1911 2811 1954 2834 sui

13 2842 27 2880 '3⁴
49 2842 76 2882 ζ
109 2846 176 2872 BD
193 2860 226 2867 —
245 2847 288 2880 36.
306 2849 413 2873 tardari
426 2868 431 2873 .
504 2847 591 2883 datis]
610 2850 728 2882 turbari,
749 2852 953 2883 obsessionem,
973 2851 1215 2884 discessionisque
1234 2853 1304 2878 dans
1324 2853 1471 2877 licentiam
1491 2852 1622 2876 omnibus
1642 2852 1670 2876 Ι)

16 2964 17 2967 =
57 2962 67 2983 fx
135 2959 139 2963 ’
193 2947 202 2966 ¹
220 2950 343 2980 vibena,
367 2953 464 2976 antIca
488 2949 561 2977 cltta
579 2960 594 2977 e
613 2952 677 2977 sede
697 2953 851 2984 vescovile,
870 2955 939 2987 oggi
958 2955 1001 2985 dl?
1056 2963 1152 2988 presso
1172 2955 1292 2980 Fossato
1312 2956 1341 2980 di
1361 2955 1504 2983 Calabria,
1526 2956 1555 2978 in
1575 2961 1657 2987 prov.
1677 2955 1705 2979 dl
1725 2953 1846 2987 Reggio.

4 2991 6 2993 '
58 2997 68 3025 jz
104 2991 218 3022 stmttn,
236 2999 333 3026 presso
352 2993 537 3018 Monteleone
557 2993 682 3019 Calabro
702 2994 895 3027 (Catanzaro).
1143 2996 1153 3012 ³
1174 2988 1195 3022 ὲ
1214 2998 1330 3022 difficile
1352 2997 1534 3022 identificare.

190 3032 202 3050 ἵ
220 3032 326 3064 Questa
346 3036 421 3061 valle
442 3036 544 3061 sbocca
571 3037 598 3061 al
626 3036 767 3069 villagglo
794 3038 868 3062 delle
893 3038 999 3068 Saline,
1144 3039 1155 3055 ⁴
1176 3039 1290 3070 Geraee,
1311 3042 1340 3064 in
1361 3047 1441 3071 prov.
1462 3040 1491 3064 di
1511 3040 1621 3072 Regglo
1641 3040 1672 3064 dl
1692 3039 1834 3065 Calabria.
