2314 3418
392 256 436 295 78
964 250 1238 287 GAUFREDI
1268 247 1644 285 MALATERRAE
2059 251 2110 291 [A.
2131 256 2224 291 tosa]

387 387 461 409 cem
484 376 726 408 adventantem
751 378 1009 417 cognoscentes,
1032 372 1261 414 praesentiam
1286 371 1359 403 eius
1381 371 1673 409 exhorrescentes,
1696 370 1741 403 ab
1763 372 1928 415 incoepto
1952 373 2119 412 deterriti,
2144 383 2221 406 cum

386 430 498 471 plures
521 434 642 467 essent,
667 427 847 460 obsidione
870 426 991 464 soluta,
1015 425 1160 468 quisque
1185 425 1302 468 fugam
1326 424 1539 463 accelerans,
1562 423 1599 456 in
1621 434 1681 456 sua
1704 424 1877 458 dilabitur.
1922 426 2025 459 Cives
2040 432 2156 459 autem
2173 426 2223 459 sic

382 482 586 519 obsessione,
611 491 679 523 qua
701 478 1027 522 praegravabantur,
1056 478 1155 519 eruti,
1179 477 1379 510 advenienti
1404 477 1486 509 duci
1509 486 1694 509 occurrere
1717 478 1965 518 accelerantes,
1989 490 2068 513 cum
2091 479 2220 524 gaudio

386 541 420 569 et
444 534 535 568 omni
561 533 725 575 obsequio
746 532 923 574 excipiunt
938 532 958 564 ¹.
1007 531 1078 564 Sed
1100 541 1165 573 per
1187 530 1381 563 universam
1405 529 1579 572 Apuliam,
1603 530 1675 563 sive
1699 530 1905 571 Calabriam,
1921 533 2121 571 seditiones,
2139 543 2224 576 quas

384 587 569 620 infidelitas
591 586 798 623 turbaverat,
822 596 842 617 a
865 584 1063 626 praesentia
1088 584 1161 616 eius
1184 584 1338 623 sedatae,
1369 583 1406 615 in
1439 589 1604 625 cospectu
1635 583 1716 621 eius,
1747 583 1819 616 acsi
1848 595 2033 629 numquam
2064 586 2222 624 fuissent,
2263 595 2265 620 j

385 640 559 672 siluerunt.

470 745 619 778 XXXV.
645 766 685 771 —
709 745 817 777 Porro
841 744 921 782 dux,
946 745 1054 776 fratre
1078 743 1203 775 comite
1226 753 1247 774 a
1272 742 1391 775 Sicilia
1414 743 1590 781 arcessito,
1615 743 1754 776 admoto
1776 743 1924 786 plurimo
1939 745 2104 784 exercitu,
2119 755 2224 788 super

384 800 585 842 Jordanum,
610 804 768 840 nepotem
792 808 899 836 suum,
923 797 1115 839 principem
1139 796 1305 834 Aversae,
1329 806 1457 828 messes
1480 802 1647 829 vastatum
1663 796 1768 829 vadit.
1815 797 1903 829 Nam
1921 807 1998 829 cum
2014 803 2117 831 antea
2131 798 2223 831 inter
2258 796 2259 800 ’

215 863 238 886 c,
252 865 302 886 ,915²v
382 853 475 894 ipsos
499 851 643 884 diversis
666 850 907 883 controversiis
930 850 1129 882 inimicitiae
1153 848 1410 888 efferbuissent,
1435 848 1501 881 hoc
1525 849 1577 881 ira
1598 850 1634 881 in
1656 849 1851 892 principem
1877 851 2071 892 'plurimum
2089 851 2222 884 incale-
2259 855 2271 894 j

381 904 509 943 scebat,
534 905 627 946 quod
650 904 785 936 noviter
808 905 843 936 in
868 904 1029 935 damnum
1053 902 1247 944 apostolici,
1271 902 1487 944 imperatoris
1509 902 1682 935 hominem
1704 903 1817 945 ipsum
1848 904 2015 936 effectum
2038 910 2073 937 et
2095 910 2223 938 terram
2257 943 2260 946 Δ

382 969 476 990 suam
498 957 543 989 ab
566 958 640 999 ipso
665 957 923 989 deserviendam
947 956 1136 998 suscepisse
1159 955 1326 988 audierat.
1372 955 1526 987 Veniens
1549 955 1667 999 itaque
1699 966 1777 988 cum
1807 956 1961 989 exercitu
1983 963 2064 990 ante
2093 956 2224 991 urbem'
2256 999 2257 1002 Ἴ

192 1022 266 1045 Mun..
282 1023 318 1046 587
385 1011 595 1053 Capuanam,
619 1017 653 1043 et
677 1015 837 1048 castrum,
861 1010 954 1053 quod
978 1009 1108 1042 Aversa
1131 1009 1267 1047 dicitur,
1291 1009 1367 1050 ipso
1389 1008 1509 1047 invito,
1534 1019 1599 1042 nec
1622 1009 1823 1052 propulsare
1850 1010 1997 1050 valente,
2011 1020 2076 1053 per
2090 1017 2172 1045 octo
2187 1016 2223 1044 et
2260 1027 2261 1030 ¹

382 1074 424 1097 eo
448 1064 592 1106 amplius
609 1065 683 1096 dies
700 1073 925 1102 commorans,
942 1063 1047 1095 multa
1065 1061 1335 1104 depopulatione
1351 1067 1459 1094 totam
1470 1062 1685 1104 provinciam
1702 1062 1877 1096 lacessivit
1891 1062 1914 1096 ².
1960 1062 2032 1096 Sed
2047 1063 2130 1108 quia
2141 1065 2217 1107 ipse
2262 1063 2264 1068 ’

379 1117 551 1160 Jordanus
575 1117 846 1159 elegantissimus
869 1116 966 1148 miles
991 1122 1066 1148 erat
1089 1121 1123 1148 et
1145 1114 1419 1158 elegantissimos
1437 1124 1555 1148 secum
1571 1114 1731 1155 habebat,
1747 1116 1854 1149 multa
1868 1116 2061 1149 militariter
2077 1116 2222 1150 diversis
2265 1126 2269 1157 j

383 1170 623 1214 congressibus
645 1169 815 1212 utrimque
838 1174 1036 1211 perpetrata
1060 1174 1146 1200 sunt.

470 1222 557 1254 Iude
579 1222 695 1265 itaque
717 1221 864 1260 rediens,
888 1231 952 1263 per
973 1227 1080 1254 totam
1104 1220 1266 1263 Apuliam
1291 1226 1326 1253 et
1348 1221 1543 1254 Calabriam
1567 1222 1758 1254 exercitum
1781 1221 2000 1264 perscribens
2031 1222 2223 1263 submonet,
2264 1259 2265 1262 Ἴ

383 1282 429 1314 ut,
452 1276 606 1318 proxima
628 1281 770 1308 ventura
793 1280 924 1308 aestate
947 1285 1064 1307 secum
1088 1274 1234 1307 Romam
1259 1284 1360 1317 super
1374 1274 1617 1317 imperatorem
1633 1275 1726 1315 ituri,
1742 1285 1910 1318 expensas
1925 1276 1997 1308 sive
2013 1281 2222 1310 commeatus
2262 1290 2266 1291 ⁷

384 1334 550 1371 aptarent.

469 1435 635 1468 XXXVI.
661 1456 701 1461 —
727 1434 852 1468 Comes
874 1445 969 1474 vero,
993 1446 1013 1467 a
1037 1435 1156 1473 fratre,
1173 1435 1308 1468 noviter
1323 1446 1343 1467 a
1359 1433 1522 1478 Bulgaria
1536 1441 1744 1473 revertente.
1760 1436 1922 1469 invitatus
1937 1436 2005 1469 sibi
2027 1446 2222 1477 occurrere,

381 1498 498 1521 versus
520 1487 682 1531 Apuliam
705 1488 897 1526 intendens,
919 1489 1085 1531 Jordano,
1102 1488 1171 1521 filio
1188 1499 1259 1527 suo,
1276 1488 1433 1521 Siciliam
1448 1489 1701 1531 procurandam
1718 1489 1866 1533 delegat,
1883 1489 2095 1523 interdicens
2110 1489 2221 1523 omui·
2247 1485 2262 1534 ἶ

384 1541 457 1581 bus,
480 1552 523 1573 ne
546 1541 622 1584 quis
643 1544 680 1574 in
703 1542 758 1581 iis,
781 1552 868 1584 quae
890 1542 1119 1584 praeciperet,
1143 1541 1208 1574 sibi
1233 1542 1425 1574 contrarius
1448 1551 1522 1574 esse
1545 1548 1788 1584 praesumeret.

470 1594 554 1627 Erat
575 1600 688 1627 autem
712 1595 883 1638 Jordanus
906 1606 949 1627 ex
971 1595 1179 1635 concubina,
1201 1601 1317 1627 tamen
1340 1605 1485 1639 magnae
1507 1595 1590 1628 viris
1614 1595 1720 1627 animi
1743 1601 1779 1628 et
1802 1596 1956 1638 corporis
1971 1601 2007 1629 et
2022 1606 2223 1640 magnarum

383 1657 495 1680 rerum
517 1647 647 1691 gloriae
669 1658 750 1680 suae
774 1648 1015 1681 dominationis
1038 1648 1220 1690 appetitor.
1265 1648 1311 1681 Et
1333 1648 1544 1692 jamdudum,
1569 1649 1711 1681 consilio
1734 1659 1918 1692 pravorum
1941 1649 2008 1682 sibi
2030 1649 2223 1683 adhaeren-

203 1710 234 1735 D,
250 1716 310 1735 ων
383 1700 467 1733 tium
489 1701 654 1745 juvenum
675 1701 782 1734 tacito
805 1701 879 1734 sub'
902 1707 1046 1744 pectore
1068 1712 1159 1740 usus,
1183 1701 1386 1745 insurgendi
1410 1702 1705 1744 conspirationem
1734 1713 1885 1742 versans,
1917 1702 1986 1743 hic,
2018 1702 2223 1736 discedente
2249 1735 2255 1748 χ

383 1759 492 1796 patre,
509 1754 622 1786 locum
637 1764 717 1787 suae
733 1765 860 1797 pravae
876 1754 1123 1796 dispositionis,
1137 1761 1174 1787 ut
1189 1754 1255 1787 sibi
1270 1755 1462 1793 videbatur,
1479 1750 1612 1794 nactus',
1629 1755 1746 1798 plures
1761 1755 1886 1788 callide
1904 1756 2222 1795 circumveniendo,

384 1807 485 1840 fidem
507 1808 654 1847 illorum,
677 1808 824 1840 necdum
849 1809 987 1851 negotio
1009 1814 1161 1850 peracto,
1186 1815 1259 1841 astu
1283 1808 1461 1847 abstrahit,
1483 1814 1522 1841 ut
1545 1818 1782 1852 quaecumque
1813 1809 1886 1852 ipse
1915 1809 2011 1852 prior
2038 1809 2222 1852 inciperet,
2246 1834 2250 1839 ,

385 1860 450 1903 ipsi
474 1860 663 1903 complices
684 1862 721 1893 in
736 1861 948 1904 perficiendo
964 1861 1194 1904 persisterent.
1240 1861 1387 1894 Talibus
1401 1861 1519 1905 itaque
1534 1861 1698 1904 deceptis,
1714 1862 1852 1895 tandem
1868 1861 1986 1895 dolum
2001 1862 2061 1896 diu
2075 1862 2223 1906 disponi·

386 1920 455 1946 tum
467 1914 590 1956 aperit3
606 1925 684 1946 cum
698 1914 903 1957 quibusdam
920 1914 1144 1957 displicuerit,
1161 1921 1196 1948 et
1210 1915 1364 1958 pluribus
1379 1915 1506 1958 placet.
1553 1914 1689 1953 Quibus
1705 1916 1852 1959 quisque
1867 1921 1902 1948 et
1915 1915 2042 1949 talibus
2057 1915 2224 1949 mentire
2247 1941 2249 1945 ⁴

384 1967 544 2006 renitens,
564 1967 719 2010 improbe
741 1968 905 2006 hortatur,
929 1977 973 2000 ne
997 1968 1098 2000 fidem
1122 1969 1238 2001 datam
1261 1968 1399 2001 mentiri
1422 1968 1516 2001 velit.
1563 1968 1786 2002 Sacramenta
1809 1969 1901 2012 patri
1928 1969 2057 2002 exibita
2088 1969 2124 2002 in
2154 1969 2223 2002 hoc

381 2019 476 2052 salva
498 2020 586 2059 fore,
611 2021 705 2062 quod
726 2021 961 2063 proficiscens,
985 2021 1157 2065 quidquid
1171 2022 1345 2065 Jordanus
1371 2022 1476 2055 vellet
1491 2021 1546 2055 vel
1561 2021 1788 2064 praeciperet,
1804 2022 1962 2055 omnibus
1977 2022 2144 2056 oboedire
2161 2022 2222 2055 de·
2246 2030 2254 2069 j

386 2072 467 2105 bere
483 2073 719 2115 imperaverat.
764 2074 918 2117 Jordano
940 2074 1039 2117 plura
1053 2075 1284 2117 promittente,
1297 2075 1346 2107 sic
1362 2075 1462 2117 pravi
1480 2074 1613 2107 consilii
1629 2085 1786 2108 assensus
1801 2075 1891 2108 inter
1905 2075 2021 2118 plures
2035 2086 2056 2108 a
2069 2075 2223 2119 Jordano
2247 2087 2248 2091 ¹

384 2126 420 2158 in
442 2126 493 2166 iis,
516 2137 603 2170 quae
625 2127 733 2169 patris
757 2133 862 2167 erant,
884 2127 974 2160 ultra
997 2138 1099 2171 quam
1122 2129 1276 2167 deceret,
1299 2129 1357 2161 vel
1379 2128 1424 2161 ab
1446 2129 1522 2171 ipso
1545 2134 1645 2171 patre
1661 2138 1864 2162 concessum
1880 2134 1964 2169 erat,
1978 2129 2221 2172 praesumitur.
2244 2142 2246 2144 ’

386 2179 475 2212 Nam
498 2185 645 2212 castrum
669 2180 789 2213 Sancti
809 2181 922 2213 Marci
946 2186 980 2213 et
1001 2181 1218 2214 Mistrectam
1241 2181 1306 2214 sibi
1330 2192 1507 2224 usurpans,
1531 2182 1670 2214 detecta
1697 2182 1831 2221 fraude,
1861 2182 2010 2225 praedas
2030 2193 2095 2225 per
2115 2187 2223 2215 totam
2240 2183 2253 2228 ξ

384 2232 596 2274 provinciam
617 2232 746 2265 ibidem
768 2233 967 2266 introducit.
1014 2234 1085 2267 Sed
1109 2240 1144 2267 et
1166 2245 1283 2267 versus
1306 2235 1484 2279 Traynam
1506 2234 1679 2268 hostiliter
1694 2235 1879 2274 accedens,
1902 2235 2011 2278 patris
2030 2235 2222 2274 thesauros,
2247 2263 2249 2266 .

387 2285 444 2328 qui
466 2284 547 2318 illuc
571 2282 806 2322 servabantur.
829 2293 1006 2328 asportare
1028 2288 1132 2327 nisus,
1157 2288 1380 2331 dispositione
1405 2299 1466 2321 sua
1481 2289 1675 2328 frustratus,
1691 2299 1821 2321 vacuus
1842 2288 1943 2321 redit.
1989 2288 2079 2322 Nam
2102 2287 2223 2322 fideles
2239 2303 2249 2334 j

385 2338 531 2378 comitis,
548 2338 671 2371 fraude
686 2345 872 2381 comperta,
888 2340 989 2371 simul
1005 2341 1262 2380 convenientes,
1276 2341 1445 2375 hostiliter
1460 2341 1686 2375 accedentem
1702 2352 1780 2387 eum
1795 2340 1840 2374 ab
1855 2342 1938 2384 ipsis
1952 2340 2078 2374 finibus
2091 2346 2221 2375 arcent.
2248 2374 2251 2375 γ

476 2390 582 2429 Quod
603 2401 681 2424 cum
703 2392 796 2434 patri
818 2392 1050 2431 renuntiatum
1073 2393 1204 2433 fuisset,
1227 2394 1375 2427 reditum
1399 2394 1587 2433 accelerat;
1612 2401 1727 2438 atque,
1749 2400 1788 2427 ut
1817 2395 1871 2427 vir
1901 2394 2047 2438 sapiens,
2076 2393 2221 2438 provide
2248 2435 2250 2438 Ι

387 2453 504 2486 agens,
526 2453 570 2476 ne
594 2444 681 2476 filius
702 2444 841 2477 territus
863 2445 908 2477 ad
925 2444 1125 2486 Saracenos,
1142 2447 1200 2490 qui
1216 2447 1331 2480 adhuc
1347 2446 1494 2480 rebelles
1510 2453 1617 2485 erant,
1633 2448 1803 2486 transiret,
1820 2456 1940 2480 versus
1955 2456 2034 2480 eum
2049 2446 2222 2480 hostiliter
2240 2480 2252 2485 ,

387 2496 439 2528 ire
460 2496 663 2535 dissimulat,
686 2498 749 2530 sed
772 2497 896 2536 omnia,
919 2508 1007 2540 quae
1029 2499 1164 2532 fecerat
1180 2499 1276 2539 filius,
1291 2500 1433 2543 juvenili
1449 2506 1562 2533 aetate
1579 2505 1614 2533 et
1628 2500 1847 2544 indulgentia
1859 2500 1965 2545 digna
1978 2499 2131 2533 ascribit.
2174 2498 2224 2535 At

389 2559 467 2581 cum
481 2549 551 2581 filio
577 2560 666 2592 quae
681 2550 812 2582 fecerat
825 2555 958 2592 patrem
975 2550 1095 2584 leviter
1109 2553 1204 2584 ferre
1226 2553 1413 2591 nuntiatur,
1430 2554 1542 2586 minus
1557 2553 1609 2592 iis,
1633 2553 1693 2597 qui
1715 2563 1833 2586 secum
1857 2559 1964 2593 erant,
1993 2552 2221 2596 prospiciens,

386 2601 492 2634 flebili
514 2602 660 2635 foedere
682 2602 897 2645 interposito,
921 2604 967 2636 ad
989 2610 1123 2646 patrem
1147 2605 1298 2639 accedit.
2249 2602 2257 2617 λ’
2305 2603 2307 2605 ‚

475 2719 500 2744 3.
519 2719 573 2744 qua
591 2713 848 2745 praegravabantur
866 2712 951 2745 eruti]
971 2711 1042 2738 laeti
1059 2714 1124 2739 BD
1140 2728 1150 2733 -
1169 2717 1325 2742 accelerant
1337 2717 1364 2741 Ρ
1373 2730 1406 2735 -
1419 2726 1444 2750 4.
1458 2720 1518 2743 sive
1532 2718 1695 2744 Calabriam
1707 2726 1755 2743 om.
1769 2718 1795 2742 Ρ
1804 2732 1835 2736 -
1850 2726 1875 2751 9.
1888 2719 1960 2743 lrsm
1973 2718 2113 2751 principis
2125 2717 2153 2743 B
2163 2718 2224 2752 ΟΒ
2252 2724 2253 2749 j
2278 2700 2281 2748 ἱ

393 2766 426 2771 -
448 2760 487 2778 11.
500 2752 547 2787 ab]
559 2755 610 2779 sub
621 2755 647 2779 P
656 2756 680 2779 C
690 2767 723 2772 —
739 2761 827 2787 ¹²·13·
840 2762 889 2788 per
901 2756 1024 2780 caeteros
1037 2756 1159 2788 amplius
1172 2757 1232 2782 dies
1246 2761 1436 2784 commoratus
1448 2760 1499 2784 cosi
1511 2760 1577 2785 BD
1590 2773 1622 2778 —
1639 2767 1678 2793 19.
1692 2767 1759 2784 vero
1770 2768 1819 2785 om.
1832 2760 1860 2784 P
1869 2760 1893 2784 C
1903 2772 1936 2778 —
1949 2766 1993 2784 22.
2006 2756 2090 2793 vids]
2101 2760 2147 2784 vis
2157 2759 2224 2784 BD
2278 2749 2280 2760 ’

394 2807 426 2812 -
444 2802 487 2827 24.
498 2796 576 2826 usus]
594 2803 691 2821 versus
708 2798 816 2829 patrem
833 2797 898 2821 BD
915 2810 924 2815 -
941 2796 1000 2829 hic]
1019 2798 1059 2822 sic
1078 2798 1105 2822 P
1119 2813 1152 2817 —
1171 2805 1185 2823 2
1190 2807 1214 2832 5.
1233 2800 1393 2834 videbatur]
1412 2802 1559 2827 dicebatur
1570 2803 1599 2827 P
1611 2803 1634 2827 C
1646 2815 1679 2820 —
1693 2801 1734 2827 26.
1748 2801 1873 2835 peracto]
1887 2803 1985 2835 aperto
1998 2802 2044 2827 P·
2055 2801 2224 2834 quicumque

393 2836 519 2869 ipsorum
536 2838 616 2870 prior
635 2839 700 2863 BD
716 2852 749 2857 —
770 2837 811 2863 28.
830 2839 843 2862 ι’
858 2839 909 2863 due
926 2841 954 2863 et
972 2847 1021 2864 om.
1040 2839 1097 2865 PC
1114 2853 1146 2858 -—
1165 2848 1208 2872 30.
1228 2843 1302 2873 quod
1322 2842 1482 2876 proficiens]
1501 2845 1549 2876 qui
1573 2845 1669 2869 abiens
1688 2845 1752 2869 BD
1771 2857 1804 2862 —
1822 2850 1864 2876 33.
1878 2843 2037 2868 Mlstretam
2050 2843 2096 2868 1³-
2109 2843 2224 2876 decepta

354 2883 367 2909 5
394 2878 503 2903 BD—
522 2885 564 2911 37.
583 2887 645 2904 cum
663 2887 712 2905 om.
731 2881 757 2904 Ρ
770 2894 804 2899 -
822 2887 866 2913 39.
886 2880 946 2913 sed]
966 2880 1077 2906 scilicet
1095 2881 1121 2905 B

483 2978 492 2995 ¹
512 2979 595 3005 Gun„
612 2981 712 3012 Aron,
732 2981 779 3011 IV,
798 2981 859 3013 506,
880 2990 939 3015 sgg.
1333 2987 1371 3011 ad
1381 2995 1440 3011 ann.
1458 2987 1537 3019 1083:
1554 2987 1568 3001 ⁸
1579 3006 1584 3012 .
1595 3004 1602 3012 .
1612 3004 1620 3012 .
1632 3006 1637 3012 .
1648 2988 1708 3020 ipse
1722 2987 1777 3012 dux
1791 2987 1917 3013 ostiliter
1928 2985 2055 3020 Capuam
2068 2985 2182 3011 obsedlt
2194 2987 2223 3011 et

479 3019 492 3037 ²
510 3021 593 3047 Guu..
611 3023 710 3053 Arm„
729 3022 763 3055 V,
785 3023 835 3048 106
852 3031 926 3057 sgg.3
946 3024 1085 3050 Roman..
1108 3025 1277 3057 sussum,
1334 3028 1458 3053 “acriter
1468 3029 1559 3062 ipsam
1570 3031 1717 3055 civitatem
1725 3030 1900 3064 expugnavit
1910 3028 2163 3062 menseJullo,1nd.
2173 3026 2227 3060 6,.
2238 3025 2252 3047 ’·’
2304 3038 2306 3048 ν
