2320 3424
138 362 192 395 his
214 362 308 406 ipsis,
331 363 391 406 qui
406 374 427 396 a
442 363 527 397 foris
549 365 805 409 impugnabant,
829 365 993 399 excrevit.
1038 365 1092 399 Ac
1107 366 1188 398 dum
1203 376 1311 405 soror,
1328 376 1405 400 cum
1422 366 1528 399 multa
1543 366 1792 400 lamentatione
1808 368 1969 411 exequias

139 415 330 455 celebrans,
354 417 468 456 funus,
491 423 528 450 ut
552 418 712 457 decebat,
735 419 926 462 exequitur,
949 429 1077 459 comes,
1100 419 1157 462 qui
1180 429 1251 452 non
1273 420 1385 452 minus
1407 430 1525 453 sorore
1547 420 1698 460 dolebat,
1720 420 1756 452 in
1780 420 1967 454 vindictam

136 469 369 501 exardescens
388 469 534 513 juvenis,
560 481 746 515 congressu
769 471 804 503 in
826 471 957 504 hostem
981 472 1086 510 facto,
1109 472 1232 505 multos
1254 471 1451 505 militariter
1471 477 1638 511 sternens,
1668 473 1845 506 interimit.
1890 473 1969 506 Dux

135 521 263 564 itaque,
285 521 409 555 videns
431 523 557 556 talibus
580 524 882 568 congressionibus
903 525 973 557 suis
995 524 1148 568 quotidie
1172 525 1292 557 vexari
1315 530 1350 558 et
1375 525 1486 558 minus
1515 526 1693 568 proficere,
1725 526 1793 558 duo
1825 526 1969 559 castella

50 588 53 591 >
93 575 112 606 5
135 579 216 606 ante
237 574 357 607 urbem
379 576 537 609 firmavit:
561 583 683 619 putans
705 577 822 610 taedio
845 583 880 610 et
895 578 988 610 fame
1003 577 1138 610 facilius
1154 587 1213 610 eos
1227 588 1328 620 posse
1345 578 1445 611 affici.
1491 579 1614 612 Comes
1629 589 1722 618 vero,
1737 579 1812 621 ipsa
1827 579 1967 612 castella

134 627 289 671 quotidie
314 628 497 669 lacessens,
520 640 597 662 cum
621 631 743 664 ducem
766 632 803 663 in
823 640 893 664 uno
916 641 990 663 esse
1013 630 1156 670 sciebat,
1180 631 1325 663 alterum
1349 632 1588 675 oppugnabat3
1612 643 1690 665 cum
1713 642 1795 664 vero
1810 632 1855 664 ad
1870 632 1965 665 idem

133 681 403 714 succurrendum
426 683 546 716 venire
567 683 720 723 videbat,
742 683 802 716 illo
825 683 955 722 relicto,
979 694 1042 726 per
1062 683 1214 716 medium
1238 684 1389 717 civitatis
1403 685 1448 717 ad
1463 685 1558 717 aliud
1574 684 1748 725 transibat,
1764 686 1815 718 sic
1832 685 1966 720 assidue

135 739 310 767 certamen
334 735 489 769 localiter
512 737 696 770 alternans.

217 833 355 876 XXIV.
379 852 421 857 —
445 835 559 868 Nocte
582 846 666 869 vero
689 835 836 879 quadam
859 835 983 868 Melito
1007 845 1085 868 cum
1117 842 1254 868 centum
1283 835 1448 868 militibus
1479 837 1606 875 exiens,
1638 838 1820 870 Geracium
1852 838 1963 872 venit.

53 886 112 919 ’10
134 886 324 930 urbemque
347 887 413 921 sibi
437 888 481 921 ab
503 888 627 922 incolis
650 889 810 921 traditam
834 889 1018 932 ingressus,
1048 889 1086 920 in
1110 899 1247 922 suorum
1278 900 1358 922 usus
1387 890 1526 932 aptavit.
1573 889 1679 928 Quod
1710 891 1782 923 dux
1813 892 1964 931 audiens,

42 934 44 939 '
133 940 283 973 maxima
304 940 357 973 ira
379 942 542 984 repletus,
566 942 709 975 castella
739 952 826 985 quae
858 947 936 974 ante
968 941 1127 974 Melitum
1157 942 1361 981 firmaverat,
1393 942 1555 975 militibus
1585 944 1751 983 muniens,
1782 954 1859 977 cum
1889 951 1963 978 toto

133 994 290 1026 exercitu
315 1005 432 1028 versus
454 995 638 1028 Geracium
675 1000 795 1029 conta-a
818 994 937 1027 urbem
968 995 1116 1027 tentoria
1145 995 1228 1028 fixit.
1274 995 1488 1028 Geracenses
1511 996 1649 1039 quidem
1672 996 1736 1029 sibi
1765 997 1963 1041 jamdudum

133 1047 336 1080 fidelitatem
357 1048 565 1092 juraverant,
588 1059 657 1081 non
680 1054 797 1081 tamen
819 1047 950 1089 urbem,
973 1053 1011 1080 ut
1033 1058 1097 1090 pro
1120 1047 1216 1080 libitu
1239 1059 1301 1081 suo
1323 1054 1485 1088 uteretur,
1501 1049 1745 1088 reddiderunt3
1760 1061 1814 1088 ne,
1830 1051 1859 1082 si
1874 1051 1963 1084 forte

133 1101 312 1133 castellum
335 1100 371 1133 in
393 1101 470 1144 ipsa
491 1102 652 1140 firmaret,
675 1111 738 1144 pro
760 1101 851 1134 velle
874 1111 937 1134 suo
960 1111 1078 1134 omnes
1100 1100 1163 1133 sibi
1185 1111 1325 1144 prorsus
1347 1101 1548 1147 subjugatos
1569 1102 1723 1136 haberet.
1768 1104 1846 1136 Dux
1869 1114 1964 1144 vero,

39 1151 45 1166 ⁴
71 1152 109 1186 15
132 1154 306 1196 quendam
330 1155 373 1187 de
396 1154 649 1198 potentioribus
669 1154 763 1187 urbis
785 1160 903 1187 notum
926 1153 1068 1193 habens,
1092 1164 1218 1187 nomen
1242 1155 1415 1195 Basiliam,
1439 1155 1483 1188 ab
1506 1156 1581 1198 ipso
1603 1157 1649 1189 ad
1672 1157 1854 1199 prandium
1876 1157 1964 1190 invi·

34 1203 43 1218 ”
132 1211 234 1246 tatus,
259 1207 406 1251 capucio
429 1208 543 1250 capite
567 1214 745 1251 cooperto,
768 1217 812 1240 ne
835 1207 926 1240 forte
949 1207 1025 1251 quis
1047 1206 1148 1240 esset'
1171 1208 1422 1250 perciperetur,
1446 1209 1565 1242 urbem
1589 1209 1773 1253 ingressus,
1797 1211 1841 1242 ad
1868 1211 1963 1253 pala-

131 1260 217 1293 tium
239 1260 330 1293 illius
352 1261 443 1294 solus
466 1267 654 1294 comestum
677 1260 782 1293 vadit.
829 1259 901 1299 Qui
923 1261 1107 1304 ingressus,
1131 1260 1223 1300 dum,
1246 1261 1295 1293 nil
1317 1261 1397 1293 mali
1421 1262 1607 1304 suspicans,
1630 1264 1777 1296 necdum
1802 1264 1880 1296 cibo
1902 1275 1963 1306 pa-

131 1319 217 1352 rato,
241 1313 424 1357 colloquiis
446 1314 600 1354 Melitae,
622 1314 737 1346 uxoris
759 1313 861 1352 illius,
884 1313 944 1357 qui
959 1323 996 1346 se
1026 1313 1241 1353 invitaverat,
1272 1320 1434 1353 uteretur,
1465 1314 1674 1354 urbicenses,
1697 1327 1760 1359 per
1790 1317 1962 1359 quendam

131 1366 300 1398 famulum
322 1367 444 1400 domun
467 1367 592 1400 ducem
613 1367 706 1400 intra
726 1366 847 1399 urbem
870 1376 946 1399 esse
969 1372 1228 1411 cognoscentes,
1251 1367 1471 1401 traditionem
1494 1368 1667 1411 suspicati,
1691 1379 1761 1402 non
1785 1370 1962 1403 minimum

66 1419 109 1451 20
132 1419 322 1452 turbantur.
367 1420 532 1463 Undique
555 1419 852 1459 concurrentibus,
874 1425 947 1453 tota
969 1419 1050 1453 urbs
1071 1420 1305 1460 tumultuatur,
1327 1431 1526 1464 omnesque,
1556 1421 1593 1454 in
1623 1433 1716 1454 arma
1738 1429 1887 1462 ruentes,
1919 1424 1963 1456 ad

129 1473 281 1512 domum,
304 1473 341 1505 in
365 1484 432 1516 qua
455 1478 540 1512 erat,
562 1473 692 1506 furenti
713 1473 841 1516 impetu
855 1473 952 1506 illum
969 1474 1146 1506 extrahere
1163 1474 1306 1506 vadunt.
1343 1474 1405 1506 Ille
1422 1485 1516 1513 vero,
1532 1475 1592 1518 qui
1608 1476 1733 1508 ducem
1748 1476 1963 1516 invitaverat,

130 1525 342 1568 impietatem
366 1526 562 1559 concivium
585 1537 722 1560 suorum
744 1537 960 1570 cognoscens
982 1532 1018 1560 et
1044 1526 1173 1559 viribus
1203 1527 1248 1559 ad
1277 1527 1501 1560 resistendum
1534 1528 1701 1567 diffidens,
1726 1529 1818 1567 dum,
1848 1539 1965 1562 versus

132 1579 315 1612 ecclesiam
339 1580 517 1623 profugus,
541 1580 647 1612 vitam
669 1580 758 1612 tueri
780 1580 907 1618 nititur,
929 1580 1042 1623 patrio
1066 1590 1147 1612 ense
1172 1581 1362 1619 confossus,
1387 1581 1561 1614 occubuit.
1605 1581 1707 1614 Uxor
1728 1592 1865 1625 quoque
1889 1582 1962 1616 eius

35 1672 37 1680 ¹
131 1642 211 1666 cum
234 1638 329 1666 tanta
350 1633 526 1675 impietate
542 1644 563 1666 a
585 1633 655 1666 suis
670 1632 802 1666 civibus
832 1639 1010 1667 attractata
1039 1639 1101 1673 est,
1119 1635 1185 1673 'ut,
1200 1633 1314 1676 stipite
1330 1633 1374 1666 ab
1389 1634 1464 1677 ipso
1481 1645 1546 1667 ano
1562 1645 1668 1678 usque
1684 1636 1730 1667 ad
1742 1635 1963 1677 'praecordia

38 1686 39 1689 ’
66 1684 108 1719 25
130 1686 303 1725 transfixa,
326 1686 507 1719 inhonesta
528 1693 637 1720 morte
659 1687 763 1721 vitam
785 1688 969 1720 terminare
993 1693 1186 1732 cogeretur.
1234 1686 1316 1725 Quo
1340 1688 1424 1727 viso,
1447 1688 1477 1720 si
1501 1688 1570 1721 dux
1594 1689 1638 1721 de
1660 1689 1732 1722 vita
1755 1690 1962 1731 desperavit,

129 1739 326 1772 mirandum
349 1750 419 1773 non
441 1746 511 1773 est:
535 1741 740 1783 praesertim
763 1751 842 1774 cum
864 1741 1000 1774 videret
1021 1741 1115 1773 cives
1138 1751 1159 1773 a
1181 1740 1323 1781 civibus,
1346 1740 1477 1774 amicos
1504 1741 1546 1774 ab
1577 1742 1710 1781 amicis,
1741 1742 1914 1785 praelatos
1944 1755 1965 1776 a

130 1793 286 1832 subditis,
308 1793 438 1836 absque
461 1793 704 1827 recordatione
727 1794 872 1827 alicuius
893 1793 1134 1837 praecedentis
1157 1793 1328 1835 beneficii,
1352 1804 1429 1827 cum
1446 1800 1540 1828 tanto
1562 1794 1695 1828 furore'
1720 1795 1853 1828 crudeli
1880 1807 1960 1830 ense

129 1845 262 1888 perimi.
309 1845 385 1880 Stat
407 1846 498 1879 inter
519 1847 705 1880 furentium
729 1847 877 1881 hostium
891 1846 1056 1880 minantia
1070 1847 1140 1880 tela
1154 1847 1252 1880 miles
1267 1847 1416 1888 inermis,
1432 1849 1605 1891 quondam
1621 1849 1805 1882 multorum
1820 1849 1963 1882 millium

42 1935 48 1940 ἢ
131 1899 334 1940 debellator,
357 1899 527 1933 leoninam
549 1900 777 1940 ferocitatem,
802 1911 890 1944 quae
914 1900 1010 1944 quasi
1033 1902 1289 1944 quodammodo
1313 1901 1377 1934 sibi
1401 1901 1519 1934 innata
1542 1907 1625 1944 erat,
1642 1902 1678 1934 in
1694 1902 1853 1946 agninam
1868 1909 1961 1936 tran-

45 1954 109 1987 30
130 1953 267 1987 stereus
289 1955 596 1987 mansuetudinem.
641 1955 700 1993 At,
725 1966 803 1988 cum
825 1954 957 1988 videret
979 1955 1207 1997 sapientiores
1230 1965 1397 1999 quosque,
1421 1956 1470 1988 ita
1492 1955 1549 1999 qui
1574 1955 1702 1989 exitum
1718 1956 1769 1988 rei
1785 1963 1964 1998 praenota-

44 1999 46 2003 ’
130 2005 224 2045 bant,
246 2007 291 2040 ad
314 2007 380 2040 hoc
403 2006 464 2040 niti
487 2013 525 2039 ut
546 2008 779 2041 inordinatum
806 2008 958 2040 furorem
974 2008 1179 2042 indoctioris
1194 2008 1287 2052 vulgi
1303 2014 1337 2041 et
1352 2009 1462 2041 minus
1478 2009 1719 2051 prospicientis
1734 2009 1817 2051 quid
1834 2010 1962 2048 damni,

130 2060 258 2103 quidve
281 2060 379 2099 lucri,
407 2060 436 2092 si
467 2061 695 2100 occideretur,
726 2061 936 2104 proveniret,
966 2061 1082 2094 animo
1112 2061 1360 2105 aliquantulum
1389 2067 1573 2104 resumpto,
1605 2062 1729 2094 talibus
1758 2073 1817 2095 eos
1847 2062 1962 2096 verbis

131 2113 260 2157 alloqui
283 2114 423 2147 adortus
446 2120 514 2146 est:
541 2114 556 2130 ‘⁴
571 2113 690 2147 Nolite
713 2132 755 2138 —
777 2115 889 2159 inquit
912 2133 964 2154 -‚
981 2114 1089 2147 nolite
1105 2114 1429 2158 superabundatiori
1443 2115 1575 2148 laetitia
1590 2115 1762 2148 fallaciter
1777 2116 1904 2155 extolli,
1919 2127 1963 2149 ne

40 2194 43 2197 ,
134 2166 150 2183 “
163 2166 282 2200 rotalis
296 2167 445 2205 fortuna,
459 2167 558 2200 vobis
580 2168 626 2200 ad
647 2178 811 2210 praesens
833 2168 1002 2208 arridens,
1024 2168 1110 2201 mihi
1126 2174 1239 2201 autem
1255 2169 1410 2210 adversa,
1426 2169 1591 2201 arrisione
1607 2179 1667 2203 sua
1682 2168 1780 2201 vobis
1794 2169 1960 2202 indicium

32 2216 46 2266 J
65 2219 106 2254 35
136 2221 151 2238 “
163 2226 345 2263 praenotet
365 2220 402 2252 in
423 2221 575 2254 futurum
599 2221 780 2254 habendae
802 2221 1030 2260 adversitatis,
1053 2231 1130 2254 cum
1153 2222 1248 2254 nulla
1269 2228 1432 2265 potestas,
1448 2221 1576 2265 absque
1593 2222 1710 2255 divina
1726 2222 1962 2264 dispositione,

136 2275 151 2291 “
163 2273 290 2306 nemini
305 2273 519 2307 attribuatur.
544 2273 625 2312 Quo
637 2274 768 2318 judicio
784 2274 819 2307 in
835 2285 889 2307 me
904 2281 1109 2318 potestatem
1124 2275 1288 2315 habeatis,
1300 2276 1394 2318 apud
1405 2286 1466 2309 vos
1477 2275 1571 2318 ipsos
1584 2275 1777 2318 reputando
1793 2276 1961 2309 conferte.

135 2326 241 2360 “Nec
265 2327 356 2360 enim
377 2327 502 2360 vestris
524 2327 654 2361 viribus
675 2339 838 2371 praesens
861 2338 936 2361 esse
957 2329 1146 2372 perductus
1175 2339 1267 2367 sum;
1298 2329 1359 2362 sed
1389 2339 1501 2373 neque
1532 2339 1607 2372 ego,
1637 2334 1675 2361 ut
1703 2328 1800 2362 vobis
1830 2329 1962 2372 aliquid

134 2381 149 2398 ⁸
162 2379 242 2413 mali
264 2380 528 2419 machinaretur,
551 2382 641 2415 hanc
663 2381 783 2415 urbem
806 2381 977 2426 ingressus
999 2392 1084 2415 sum.
1130 2382 1203 2416 Vos
1225 2382 1366 2425 quidem
1390 2382 1472 2414 mihi
1495 2382 1696 2415 fidelitatem
1720 2382 1866 2421 fecistis;
1896 2393 1962 2426 ego

36 2469 50 2475 .
131 2433 147 2450 ⁴⁶
161 2441 246 2466 vero
269 2434 361 2476 quod
383 2439 523 2476 pactum
546 2434 646 2467 vobis
667 2435 822 2477 promisi,
845 2435 883 2467 in
905 2435 1001 2468 nullo
1024 2445 1078 2467 me
1102 2435 1247 2468 violasse
1271 2445 1456 2479 cognosco.
1503 2434 1542 2467 Si
1565 2435 1657 2468 forte
1680 2435 1773 2468 istud
1795 2435 1840 2467 ad
1870 2436 1962 2468 utili-

1 2481 5 2522 ’,
36 2483 44 2522 Ῑ,“
65 2485 107 2518 40
135 2487 150 2504 ‘⁶
161 2491 268 2519 tatem
291 2492 439 2519 vestram
463 2493 522 2519 aut
536 2487 581 2519 ad
604 2488 851 2530 experientiam
868 2488 1048 2532 contingit,
1071 2494 1110 2521 ut
1125 2487 1272 2521 fidelitas
1295 2495 1419 2526 vestra,
1435 2489 1533 2521 cuius
1547 2487 1742 2521 stabilitatis
1757 2488 1811 2527 sit,
1827 2500 1847 2520 a
1863 2489 1961 2522 nobis

37 2530 41 2546 ”
134 2540 149 2557 “
164 2539 314 2583 cognita,
337 2550 399 2573 vos
421 2539 519 2574 nobis
542 2540 761 2584 gratiosiores
783 2547 817 2573 et
847 2542 1002 2584 praemio
1025 2541 1202 2586 digniores
1231 2547 1477 2585 repraesentet.
1523 2542 1594 2574 Tot
1622 2540 1775 2573 millibus
1789 2541 1961 2574 hominum

134 2592 221 2626 “uui
243 2592 307 2626 soli
331 2593 523 2634 casualiter,
544 2604 613 2627 non
637 2600 749 2627 autem
772 2594 967 2628 militariter
990 2595 1305 2634 circumveniendo,
1335 2596 1529 2637 intercepto
1559 2595 1714 2632 foedere,
1744 2595 1898 2633 mentito,
1929 2601 1963 2628 et

135 2645 291 2690 “absque
314 2646 518 2680 defensione
549 2647 654 2680 vitam
685 2647 834 2686 auferre,
864 2647 958 2680 nulla
988 2647 1061 2681 laus
1091 2654 1152 2681 est.
1195 2648 1267 2682 Sed
1297 2659 1421 2692 neque,
1451 2654 1488 2681 ut
1516 2658 1605 2686 reor,
1637 2653 1799 2691 quantum
1830 2647 1874 2680 de
1904 2659 1959 2681 me

135 2698 260 2733 “vobis
282 2699 414 2744 aliquid
436 2701 626 2743 proficuum
650 2701 733 2734 erit:
757 2711 850 2734 mors
872 2701 963 2734 enim
987 2712 1064 2734 mea
1085 2702 1204 2746 jugum
1226 2702 1338 2746 gentis
1359 2713 1456 2735 meae
1480 2711 1550 2734 non
1573 2701 1698 2739 aufert,
1729 2701 1791 2733 sed
1821 2701 1856 2733 in
1886 2701 1960 2733 vin-

218 2819 242 2846 3.
259 2813 372 2847 juvenis
390 2820 440 2838 om.
458 2813 523 2837 BD
541 2825 574 2831 —
595 2819 618 2845 5.
637 2820 684 2838 eos
702 2820 752 2838 om.
770 2814 798 2838 P
816 2826 846 2831 —
867 2820 892 2847 7.
911 2812 996 2846 Idem]
1016 2813 1045 2838 ld
1063 2815 1125 2839 PC
1141 2827 1173 2833 —-
1193 2822 1219 2847 9.
1237 2814 1367 2840 MelItum
1386 2815 1459 2839 P-
1475 2820 1514 2838 10.
1527 2811 1651 2846 suorum]
1664 2820 1728 2837 suos
1741 2814 1810 2837 Ρ-
1829 2819 1867 2838 12.
1880 2815 1961 2838 extra

130 2861 156 2880 u.
175 2855 204 2880 P
219 2868 252 2874 -
274 2861 314 2888 14.
333 2855 389 2880 sibi
401 2862 450 2880 om.
468 2856 497 2880 P
513 2867 545 2873 —
568 2862 608 2888 15.
627 2855 740 2885 habens,
760 2856 795 2880 ab
814 2855 878 2889 ipso
898 2856 962 2881 BD
980 2869 1012 2874 —
1035 2855 1074 2881 16.
1093 2858 1210 2889 coperto
1229 2858 1258 2882 P
1274 2871 1305 2875 —
1328 2863 1367 2888 17.
1388 2855 1458 2888 Qui]
1476 2854 1539 2884 Quo
1559 2856 1586 2879 P
1602 2869 1634 2873 —-
1656 2861 1697 2879 21.
1711 2862 1772 2880 cum
1788 2855 1893 2880 furenti
1906 2856 1934 2880 P
1949 2868 1960 2874 -

129 2896 266 2930 extruere]
285 2899 450 2931 extinguere
469 2898 499 2922 D
517 2910 550 2914 —
570 2903 611 2922 2².
630 2898 835 2922 restituendum
854 2898 915 2923 PC
931 2911 963 2916 --
983 2903 1025 2930 24.
1044 2898 1149 2931 pietate
1166 2900 1193 2924 B
1212 2912 1221 2917 -
1241 2898 1306 2932 ano]
1324 2907 1401 2924 anno
1420 2899 1447 2923 Ρ
1462 2911 1495 2916 -
1517 2897 1559 2922 26.
1585 2898 1743 2922 mirandum
1770 2904 1827 2922 non
1853 2899 1894 2922 est
1912 2905 1960 2922 om.

30 2956 51 2978 ,4-
131 2939 196 2965 BD
213 2951 224 2958 —
243 2939 359 2965 videbat
377 2940 405 2964 Ρ
420 2951 431 2958 -
451 2939 572 2964 amIcum
590 2940 618 2963 Ρ
634 2952 667 2957 -
687 2945 729 2973 27.
749 2939 940 2972 praecedentis
959 2947 1008 2966 om.
1028 2941 1093 2966 BD
1111 2955 1143 2960 —
1163 2940 1205 2966 28.
1225 2941 1348 2967 millium
1367 2949 1415 2965 om.
1436 2941 1501 2965 BD
1519 2953 1551 2957 -
1570 2945 1612 2971 30.
1632 2939 1771 2972 sapientes
1792 2939 1855 2964 BD
1869 2939 1932 2964 -lta
1950 2947 1963 2963 e

30 2987 51 3018 1,ς
84 2984 101 3012 ς
130 2981 171 3006 rel
188 2987 238 3006 m.
257 2982 322 3007 BD
340 2994 373 3000 —
385 2994 418 3000 —-·
438 2988 480 3014 31.
500 2981 590 3006 lnnitl
609 2982 637 3006 Ρ
652 2994 687 3000 -
706 2987 792 3015 34-35.
811 2982 847 3007 ad
866 2982 997 3014 praeneti·
1009 3001 1014 3007 .
1026 3001 1032 3009 .
1044 3001 1067 3008 ..
1080 2985 1227 3017 praenotet
1239 2991 1289 3009 om.
1307 2984 1335 3008 D
1355 2996 1387 3002 ·-
1405 2989 1448 3015 37.
1467 2981 1527 3014 sed]
1547 2982 1571 3006 si
1585 2982 1651 3006 BD
1668 2994 1701 3000 —-
1715 2981 1756 3014 38.
1775 2981 1847 3006 hanc
1867 2982 1963 3006 urbem

40 3014 55 3021 “
128 3029 177 3048 on·
189 3023 218 3050 Ρ
230 3035 263 3042 -·
276 3030 320 3056 39.
331 3022 374 3058 Sl]
390 3023 444 3050 Sed
457 3024 485 3049 Ρ
502 3037 535 3042 --
549 3029 592 3056 41.
610 3026 769 3059 praesentet
782 3025 810 3050 Ρ
826 3038 857 3042 -
877 3031 919 3060 42.
939 3023 1107 3061 intercepto]
1126 3026 1287 3060 Inter-rupto
1306 3026 1332 3050 B
1340 3025 1370 3050 D
1382 3039 1413 3043 ——
1427 3032 1470 3058 43.
1484 3024 1658 3050 dinenssone
1669 3024 1698 3050 Ρ
1708 3037 1740 3042 -
1754 3031 1795 3055 44.
1809 3025 1864 3049 erit
1876 3030 1923 3049 om.
1937 3025 1964 3050 P

2015 1628 2089 1652 Mun„
2105 1629 2143 1654 5⁶5

2013 1655 2041 1678 B.
2056 1660 2102 1675 nr

2029 1808 2060 1832 D,
2076 1813 2135 1833 rosv
