2314 3418
189 886 218 908 1⁷.
235 891 271 905 ll!
281 891 294 904 r

181 1816 255 1839 Mun..
271 1820 310 1840 573

318 2407 331 2432 5

303 2658 336 2676 10

304 2867 334 2893 Ῑ5

930 221 1205 258 GAUFREDI
1233 216 1612 256 MALATERRAE
2025 225 2075 261 [A.
2097 225 2190 260 1068]

353 348 556 380 Panormum
580 346 781 388 praedatum
805 343 1049 387 proficiscenti,
1074 342 1225 375 exercitu
1257 340 1500 373 innumerabili
1529 341 1683 384 undique
1715 341 1874 382 conflato,
1906 352 1950 375 ex
1979 341 2191 385 improvviso

356 400 447 442 apud
471 399 637 431 Miselmir
660 402 855 436 occurrunt,
879 407 969 428 anno
993 395 1163 427 incarnati
1188 394 1297 427 Verbi
1313 393 1516 426 MLXVIII.
1562 393 1671 426 Porro
1687 403 1813 432 comes,
1829 395 1961 428 eminus
1977 405 2037 428 eos
2054 394 2192 437 conspi-

357 453 459 490 ciens,
476 458 565 483 totus
580 449 773 486 infremuit;
790 459 977 492 omnesque
994 458 1071 481 suos
1087 448 1121 479 in
1138 458 1241 479 unum
1259 451 1434 485 coercens,
1450 445 1663 479 subridendo
1680 446 1730 479 ait
1745 448 1829 480 suis:
1849 447 1864 464 “
1879 448 1946 492 Eja
1962 467 2004 471 -
2020 447 2134 491 inquit
2149 466 2190 470 —

362 503 548 536 “nobilium
570 503 875 545 praedecessorum
900 500 1104 533 nobiliores!
1150 499 1304 532 Fortuna
1329 498 1428 531 vobis
1451 498 1583 539 favens,
1607 499 1785 541 praedam,
1808 510 1910 543 quam
1933 500 2070 544 longius
2085 510 2191 544 quae-

361 560 374 575 “
388 566 462 589 rere
485 555 738 597 disposueratis,
761 553 872 586 labori
897 559 1010 586 vestro
1033 562 1192 595 parcens,
1216 552 1305 585 ultro
1329 551 1428 584 vobis
1452 551 1599 590 obviam,
1622 561 1667 583 ne
1682 551 1761 594 plus
1775 553 1812 584 in
1829 553 2045 587 conficiendo
2068 554 2192 586 itinere
2239 553 2257 585 5

358 610 372 626 “
387 609 587 652 fatigemini,
611 607 761 640 adducit.
807 606 901 639 Ecce
924 606 1057 648 praeda
1080 616 1100 637 a
1124 605 1200 637 Deo
1224 604 1323 637 nobis
1346 604 1534 637 concessal
1558 603 1706 637 Auferte
1729 605 1780 645 iis,
1803 606 1862 649 qui
1884 616 1926 639 ea
1941 606 2076 650 indigni
2091 606 2192 639 sunt!

361 665 375 680 ‘⁴
388 663 531 694 Utamur
553 672 604 700 ea,
628 660 823 693 dividentes
847 659 1037 702 apostolico
1053 669 1159 697 more,
1176 663 1279 700 prout
1294 658 1419 700 cuique
1435 667 1522 700 opus
1538 663 1600 690 est.
1646 657 1701 690 Ne
1718 658 1971 691 exhorrescatis
1990 659 2191 703 jamdudum

360 716 374 731 ‘⁴
389 715 651 757 multotiensque
676 724 696 745 a
718 713 816 746 vobis
840 712 1006 744 devictos.
1053 711 1090 744 Si
1116 712 1238 744 ducem
1262 716 1481 743 mutaverunt
1495 709 1515 749 ¹,
1540 710 1695 742 eiusdem
1725 711 1884 750 nationis,
1916 712 2100 755 qualitatis,
2130 713 2193 745 sed

360 769 374 784 ‘⁴
389 774 422 800 et
445 767 618 810 religionis
641 773 703 804 est,
729 766 826 798 cuius
851 771 885 798 et
909 766 1038 797 caeteri
1061 770 1150 796 sunt.
1195 764 1288 796 Deus
1311 769 1426 795 autem
1449 769 1566 796 noster
1588 763 1812 796 immutabilis
1835 769 1903 802 est3
1929 770 1974 803 et,
1996 765 2026 798 si
2047 777 2068 798 a
2090 765 2192 798 nobis

359 823 373 838 ‘⁴
390 831 456 853 non
480 826 627 853 mutatur
651 819 829 863 integritas
852 818 963 851 fidelis
985 818 1069 860 spei,
1093 827 1159 849 nec
1182 816 1226 849 ab
1250 817 1325 859 ipso
1348 816 1532 849 mutabitur
1555 816 1725 849 sententia
1748 816 1964 859 triumphalis
1986 818 2104 851 auxilii
2119 843 2148 860 „.

442 874 504 906 His
527 873 642 910 dictis,
665 872 808 915 acieque
832 882 968 903 suorum
992 871 1179 913 prudenter
1201 869 1372 910 ordinata,
1397 879 1474 901 cum
1492 869 1589 902 hoste
1607 869 1843 912 congreditur.
1889 869 2057 904 'Fortiter
2071 872 2195 905 nostris

356 927 545 970 agentibus,
567 936 652 970 gens
676 925 816 958 inimica
839 925 874 956 in
898 929 1029 956 tantum
1054 923 1260 960 debellatur,
1287 928 1325 955 ut
1355 922 1413 955 vix
1443 933 1486 954 ex
1517 928 1614 954 tanta
1643 922 1864 955 multitudine
1894 930 2100 966 superesset,
2130 935 2194 968 per

355 991 455 1023 quem
471 980 521 1012 rei
538 984 680 1012 eventus
695 978 856 1011 Panormi
874 977 1135 1010 renuntiaretur.
1182 976 1301 1009 Nostri
1318 986 1401 1008 vero
1418 975 1682 1018 triumphalibus
1696 975 1818 1018 spoliis
1832 975 2015 1019 plurimum
2032 977 2194 1011 ditantur.

2220 819 2259 851 ιο
2306 796 2314 861 J

438 1073 549 1106 XLII.
574 1091 613 1095 ——
637 1071 747 1104 Moris
770 1081 853 1103 vero
877 1071 1128 1103 Saracenorum
1152 1075 1214 1109 est,
1238 1074 1275 1102 ut
1298 1068 1484 1107 columbas,
1508 1070 1684 1102 frumento
1707 1075 1743 1102 et
1767 1070 1869 1102 melle
1884 1070 1999 1103 infuso
2016 1070 2111 1103 domi
2133 1081 2197 1103 nu-

351 1127 505 1164 trientes,
530 1136 607 1158 cum
630 1125 840 1167 aliquorsum
866 1124 1000 1167 longius
1023 1122 1275 1166 digrediuntur,
1298 1121 1471 1155 masculos
1496 1122 1657 1165 sportulis
1679 1122 1843 1162 inclusos,
1859 1133 1975 1155 secum
1993 1123 2124 1162 ferant3
2146 1130 2195 1163 ut,

354 1190 429 1212 cum
452 1179 581 1221 aliquid
603 1178 684 1210 novi
707 1178 846 1210 fortuna
868 1177 935 1209 illis
958 1176 1256 1214 administraverit,
1281 1176 1375 1218 quod
1391 1174 1485 1208 domi
1500 1176 1624 1208 scitum
1640 1175 1759 1215 velint,
1777 1176 1942 1209 chartulis
1958 1183 2103 1210 eventus
2118 1187 2197 1210 suos

353 1238 554 1265 annotantes
577 1237 611 1262 et
635 1230 726 1263 collo
749 1230 831 1269 avis,
854 1231 909 1263 vel
933 1235 1028 1262 certe
1053 1229 1114 1262 sub
1138 1230 1204 1267 ala,
1227 1229 1487 1271 suspendentes,
1512 1229 1631 1261 avibus
1655 1229 1802 1262 dimissis
1831 1241 1897 1272 per
1927 1233 2017 1269 aera,
2044 1229 2196 1264 familiae

354 1285 446 1318 domi
468 1285 650 1323 sollicitae,
672 1290 783 1316 utrum
807 1293 974 1326 prospere
998 1293 1082 1326 erga
1104 1283 1307 1326 peregrinos
1331 1283 1459 1315 amicos
1482 1282 1599 1315 omnia
1614 1289 1772 1325 agantur,
1789 1283 1968 1316 notificare
1984 1285 2194 1317 accelerant.
2310 1317 2314 1323 ,

354 1339 501 1371 Avicula
524 1338 614 1370 enim
637 1336 825 1370 dulcedine
846 1337 946 1380 grani
970 1337 1101 1375 melliti,
1124 1347 1226 1379 quam
1251 1336 1343 1368 domi
1367 1335 1551 1379 degustare
1575 1336 1712 1378 saepius
1736 1343 1945 1375 assueverat,
1959 1338 2088 1376 illecta,
2103 1337 2197 1370 redi·
2304 1330 2314 1387 {³

353 1400 422 1426 tum
435 1393 617 1429 accelerat,
634 1391 806 1423 chartulas
818 1402 947 1422 morem
963 1401 1058 1422 suum
1076 1390 1263 1422 scientibus
1274 1395 1522 1432 repraesentat.
1568 1389 1772 1423 Huiusmodi
1795 1391 1965 1433 sportulas
1981 1401 2057 1423 cum
2074 1390 2196 1424 avibus
2218 1393 2261 1424 20
2307 1389 2314 1405 ²

356 1456 471 1479 comes
492 1445 582 1477 inter
603 1444 739 1487 reliqua
762 1444 870 1486 spolia
892 1443 1079 1485 accipiens,
1104 1443 1225 1475 avibus
1249 1454 1325 1475 cum
1350 1443 1526 1485 inscriptis
1553 1444 1719 1487 sanguine
1736 1443 1902 1476 chartulis
1918 1443 2074 1483 dimissis,
2089 1445 2196 1478 tristis

354 1499 514 1531 fortunae
537 1504 678 1531 eventus
694 1496 943 1530 Panormitanis
958 1502 1202 1539 repraesentat.
1248 1496 1340 1529 Urbs
1355 1501 1429 1528 tota
1444 1496 1654 1529 concutitur:
1672 1497 1873 1529 lacrimosae
1890 1507 1995 1530 voces
2010 1498 2195 1531 liberorum

357 1557 391 1583 et
414 1551 591 1583 mulierum
615 1561 678 1593 per
700 1554 781 1582 aera
805 1549 938 1582 coelum
961 1559 1069 1592 usque
1093 1549 1303 1582 attolluntur.
1350 1549 1522 1582 Gaudium
1547 1550 1680 1588 nostris,
1706 1549 1772 1582 illis
1803 1550 1939 1583 tristitia
1970 1551 2160 1593 parturitur
2171 1550 2194 1584 ¹.

2222 1123 2314 1159 15.

2308 1262 2314 1282 ⁴¹.

2308 1289 2314 1302 ι

442 1643 570 1677 XLIII.
596 1662 633 1667 -
660 1643 923 1685 Principabatur
945 1649 1028 1676 tunc
1059 1643 1222 1686 temporis
1253 1643 1329 1675 urbi
1359 1643 1502 1676 Barensi
1535 1643 1598 1676 sub
1628 1644 1838 1686 imperatore
1867 1654 2013 1688 graecus
2042 1644 2195 1688 quidam,

355 1697 547 1741 Argeritius
570 1697 719 1734 nomine,
742 1697 810 1740 qui,
835 1706 912 1728 cum
936 1696 1084 1728 caeteris
1108 1696 1240 1729 civibus
1262 1707 1326 1739 pro
1353 1702 1507 1739 tempore
1531 1702 1565 1729 et
1589 1696 1667 1729 loco
1691 1696 1835 1729 consilio
1867 1697 1997 1737 habito,
2029 1698 2193 1731 chartulis
2217 1697 2258 1730 25
2299 1707 2306 1734 f

356 1760 536 1783 aerumnas
558 1750 651 1782 urbis
675 1750 880 1792 civiumque,
903 1750 965 1781 sed
989 1755 1023 1781 et
1045 1750 1193 1782 hostium
1216 1750 1487 1789 infestationem,
1511 1749 1691 1789 adnotans,
1715 1750 1804 1782 clam
1829 1750 1874 1782 de
1890 1757 1992 1783 nocte
2008 1761 2072 1794 per
2086 1761 2195 1794 quen-

359 1805 438 1837 dam
460 1802 504 1835 ab
527 1802 611 1835 urbe
634 1802 886 1845 digredientem
910 1802 1069 1844 Diogeno
1081 1801 1104 1839 ³,
1135 1803 1494 1845 Costantinopolitano
1525 1802 1739 1845 imperatori,
1770 1802 1913 1847 di'rigit:
1937 1803 2069 1842 urbem,
2093 1813 2195 1847 quae,

357 1857 430 1888 sola
451 1856 487 1887 in
508 1856 586 1887 eius
609 1854 775 1887 fidelitate
796 1854 991 1897 persistens,
1014 1855 1170 1898 undique
1192 1856 1308 1888 hostili
1334 1856 1532 1888 incursione
1556 1854 1785 1898 quatiebatur,
1801 1855 1866 1887 nisi
1883 1856 1984 1888 citius
2000 1856 2192 1896 subveniat,

357 1920 392 1941 se
415 1909 596 1941 amissuros
619 1907 714 1947 sciat,
737 1907 848 1940 victus
870 1908 1037 1949 penuria3
1060 1919 1096 1940 se
1120 1927 1161 1931 —
1184 1909 1252 1952 jam
1270 1909 1371 1941 tertio
1388 1919 1478 1942 anno
1494 1908 1698 1941 instantibus
1714 1908 1868 1941 hostibus
1895 1927 1933 1932 —-
1951 1909 2193 1952 circumsepto,

358 1962 461 2000 cives,
484 1960 616 1994 diutino
641 1960 828 1993 certamine
851 1960 1064 2000 deficientes,
1088 1961 1298 1994 deditionem
1315 1972 1458 2004 parare;
1483 1961 1548 1994 nisi
1571 1962 1680 2004 ipsam
1705 1961 1863 2000 retineat,
1880 1972 1975 2005 spem
1999 1962 2126 1995 nullam
2149 1963 2194 1996 de
2217 1963 2261 1995 :30
2291 1971 2294 1981 ¹

358 2014 620 2057 recuperatione
643 2023 809 2056 pervasae
832 2013 875 2046 ab
898 2014 1051 2047 hostibus
1074 2014 1206 2056 patriae
1229 2015 1374 2047 ulterius
1397 2015 1577 2048 reservari.
2292 2008 2293 2013 ¹

445 2067 607 2110 Legatus,
638 2066 731 2109 quod
760 2067 944 2099 instructus
975 2072 1056 2105 erat,
1088 2067 1236 2100 fideliter
1264 2068 1453 2110 adimplere
1483 2074 1655 2112 satagens,
1686 2068 1784 2101 brevi
1816 2078 1977 2112 magnum
2007 2068 2196 2102 conficiens

356 2121 434 2160 iter,
456 2119 656 2164 Byzantium
678 2119 781 2152 venit.
825 2118 1000 2162 Acceptas
1021 2120 1183 2162 epistolas
1204 2122 1404 2164 imperatori
1421 2127 1682 2164 repraesentare
1698 2122 1814 2155 vadit:
1833 2122 1987 2164 epistolis
2002 2122 2191 2155 orationem

446 2238 470 2257 2.
487 2231 650 2256 Michelmir
668 2231 694 2255 P
708 2243 719 2249 -
738 2238 830 2256 comes
841 2250 846 2255 .
859 2249 865 2255 .
877 2249 883 2255 .
894 2249 900 2255 .
920 2229 978 2264 eos]
998 2238 1046 2255 eos
1063 2233 1172 2256 eminus
1191 2233 1219 2257 P
1229 2232 1252 2256 C
1268 2246 1301 2251 —
1321 2241 1344 2265 4.
1365 2231 1533 2267 nobiliores]
1554 2233 1692 2258 nobilitas
1705 2235 1733 2259 P
1743 2247 1775 2251 —
1789 2232 1814 2258 6.
1828 2233 1911 2258 nobis
1924 2241 1972 2258 om.
1986 2233 2052 2257 1>—
2067 2232 2092 2259 8.
2106 2235 2193 2259 muta·

359 2275 460 2299 verunt
478 2273 506 2298 P
520 2274 654 2305 aggr'unge
673 2274 779 2302 animo,
799 2281 855 2298 non
876 2280 931 2305 quo
949 2273 1026 2298 Duce
1047 2274 1075 2298 id
1095 2276 1285 2306 praesumunt,
1305 2288 1338 2293 ·-
1356 2283 1381 2308 9.
1401 2276 1553 2307 religionis
1572 2276 1598 2299 Ρ
1612 2288 1622 2294 -
1642 2273 1728 2309 Deus]
1747 2275 1889 2300 Dominus
1908 2276 1939 2299 D
1957 2289 1967 2294 -
1986 2277 2014 2301 et
2032 2273 2044 2291 ³
2061 2283 2112 2302 ona.
2127 2275 2192 2299 P—

360 2323 400 2341 12.
412 2316 595 2349 superessent,
614 2321 663 2348 per
681 2322 751 2347 quos
769 2315 837 2339 belli
856 2316 974 2340 eventus
992 2315 1042 2339 cosi
1062 2316 1125 2340 BD
1138 2329 1169 2333 —
1185 2323 1226 2349 13.
1239 2315 1404 2351 plurimum]
1419 2318 1539 2342 multum
1554 2318 1578 2341 P
1589 2331 1620 2336 -—
1636 2325 1677 2350 14.
1690 2317 1835 2342 Saracenis
1849 2319 1877 2342 P
1887 2319 1910 2342 C
1920 2331 1955 2336 —
1970 2324 2011 2351 17.
2025 2319 2158 2343 notantes
2170 2318 2197 2342 Ρ

359 2371 391 2376 --
407 2365 447 2390 19.
459 2358 571 2390 gustare
589 2357 650 2381 PD
668 2369 677 2374 —
696 2357 806 2389 saepius
825 2364 873 2381 om.
893 2357 954 2382 PD
966 2370 975 2375 -
989 2355 1098 2391 illecta]
1111 2357 1180 2382 illuc
1193 2358 1235 2383 ita
1248 2360 1275 2384 Β
1284 2360 1314 2383 D
1327 2373 1360 2377 --
1374 2366 1415 2384 20.
1429 2360 1519 2384 Huius
1532 2360 1558 2384 B
1572 2373 1603 2378 -—-
1618 2366 1660 2385 21.
1673 2358 1827 2393 accipiens]
1840 2360 1956 2392 capiens
1969 2360 1995 2384 B
2008 2373 2017 2378 -
2031 2357 2192 2394 inscrlptln]

360 2399 475 2424 infectis
493 2399 519 2423 Ρ
537 2412 566 2416 -
590 2405 632 2431 23.
645 2405 795 2430 puerorum
809 2399 839 2423 D
850 2411 862 2416 -
875 2405 961 2431 usque
972 2406 1020 2424 ont.
1035 2400 1097 2424 PB
1109 2413 1118 2417 -
1133 2399 1244 2424 Gaudio
1259 2402 1421 2425 nostrorum
1434 2401 1460 2425 B
1469 2403 1499 2425 D
1513 2415 1545 2419 —-
1561 2408 1574 2425 2
1579 2409 1602 2434 5.
1615 2399 1790 2435 Argeritlus]
1804 2401 1941 2434 Argerius
1953 2402 1992 2431 Ρ;
2005 2402 2192 2435 Argentarius

358 2441 423 2465 BD
441 2454 450 2459 -
469 2441 580 2466 clvibus
599 2440 722 2465 consilio
742 2441 770 2464 et
788 2440 853 2464 loco
872 2441 899 2465 Β
917 2453 950 2458 —
970 2445 1013 2472 27.
1031 2441 1170 2474 Diogerio
1189 2443 1216 2467 B
1234 2455 1245 2460 -
1264 2443 1430 2475 imperatori
1449 2451 1497 2468 om.
1519 2444 1585 2468 BD
1603 2458 1636 2463 —
1650 2443 1739 2475 27-28.
1752 2444 1847 2468 urbem
1861 2441 1933 2477 elus]
1946 2444 2067 2476 urbsque
2078 2444 2106 2469 el
2119 2444 2192 2469 B—

360 2489 401 2516 ²9·
419 2483 491 2508 sciat
508 2490 556 2507 om.
576 2482 634 2507 PC
650 2495 682 2501 —
702 2488 791 2514 29-30.
809 2482 985 2507 instantibus
996 2501 1002 2508 .
1014 2499 1021 2508 .
1031 2502 1036 2507 .
1048 2502 1055 2509 .
1076 2483 1202 2516 diutino]
1218 2485 1344 2509 instante
1356 2485 1487 2510 hostibus
1499 2486 1713 2519 circumseptos,
1727 2486 1807 2510 culus
1821 2486 1957 2510 diuturno
1972 2486 2032 2510 PC
2043 2499 2075 2504 —
2090 2492 2132 2520 3⁰·
2145 2485 2193 2511 de·

361 2524 466 2549 ditloni
485 2525 577 2557 parari
596 2524 623 2548 B
639 2538 673 2543 —
691 2531 734 2556 31.
752 2522 896 2557 pervasae]
915 2524 1015 2549 habere
1033 2526 1061 2550 B
1071 2526 1100 2550 D
1119 2539 1149 2543 ——
1164 2532 1208 2558 32.
1219 2524 1305 2560 quod]
1319 2527 1431 2559 quidem
1445 2528 1471 2551 B
1481 2528 1508 2552 D
1523 2542 1555 2546 —
1569 2535 1611 2561 33.
1624 2528 1784 2553 Bisantium
1796 2528 1825 2552 D
1836 2529 1860 2552 Β
1871 2541 1879 2546 -
1893 2529 2054 2553 orationem
2066 2535 2115 2552 ona.
2128 2527 2194 2553 BD

447 2610 455 2628 ¹
475 2611 561 2637 Forse
580 2612 601 2636 il
620 2611 658 2637 M.
679 2612 774 2637 allude
793 2612 850 2637 alla
869 2613 1001 2645 partenza
1020 2612 1049 2637 di
1075 2610 1152 2646 Ajfib
1170 2614 1247 2638 dalla

361 2653 467 2678 Sicilia.
503 2654 624 2679 Avendo
644 2653 743 2679 infatti
771 2655 848 2679 visto
874 2654 924 2679 che
946 2654 973 2678 le
998 2654 1140 2680 discordie
1163 2657 1247 2681 citta-

361 2697 427 2721 dine
445 2696 616 2721 favorivano
642 2697 670 2721 la
694 2697 845 2729 conquIsta
871 2704 1036 2726 normanna,
1062 2696 1164 2730 prefer}
1190 2700 1249 2723 tor-

362 2744 477 2762 nai-sene
497 2739 527 2762 in
545 2738 645 2763 Africa
663 2738 781 2763 insieme
800 2746 853 2762 con
873 2738 1003 2770 pareechl
1028 2739 1095 2763 altri
1122 2741 1247 2773 maggio-

361 2781 433 2804 renti
459 2779 639 2804 musulmani.
676 2779 744 2805 Cosl
772 2781 937 2805 lntormano
963 2779 1064 2805 [BN-m.
1089 2781 1197 2810 Ari-111³,
1217 2783 1247 2807 in

361 2821 432 2846 Blbl.
456 2821 659 2852 Ambo-Simia,
684 2821 742 2846 vol.
766 2821 788 2852 1,
812 2820 872 2854 448,
891 2828 907 2846 e
924 2821 1074 2851 NowAnu,
1094 2822 1164 2854 ibid.²
1188 2830 1248 2856 213,

362 2862 482 2887 secondo
504 2863 549 2887 cui
574 2863 614 2896 gli
640 2863 781 2894 Africani,
800 2864 900 2889 venuti
920 2864 951 2887 in
977 2863 1079 2888 Sicilia
1105 2865 1149 2889 nel
1172 2864 1247 2895 1061,

362 2904 507 2929 sarebbero
526 2905 651 2938 ripartiti
678 2906 723 2930 nel
746 2904 822 2930 1068.
857 2905 898 2930 La
917 2905 1057 2938 battaglia
1075 2906 1134 2939 poi,
1152 2906 1181 2930 di
1202 2909 1246 2931 cui

362 2945 411 2976 qui
429 2943 444 2969 ὲ
467 2946 573 2977 parole,
599 2953 728 2971 avvenne
753 2954 768 2971 a
792 2946 954 2978 Misilmeri,
979 2954 995 2971 a
1020 2947 1061 2971 sel
1085 2948 1185 2979 miglla
1210 2949 1246 2973 da

362 2986 498 3012 Palermo.
534 2987 750 3013 Erroneamente
765 2989 785 3013 il
805 2988 961 3020 FAzanLo,
982 2989 1174 3020 Decad.,11,l.
1187 2990 1247 3019 VH,

1302 2623 1325 2639 c.
1344 2623 1363 2644 1,
1383 2614 1481 2640 indlcb
1501 2615 1650 2648 Bagheria.

1388 2656 1400 2673 ²
1417 2658 1444 2682 A
1463 2660 1613 2690 proposito
1633 2659 1677 2683 dei
1698 2659 1824 2683 columbi
1844 2659 1994 2691 migratori
2013 2658 2131 2684 allevati
2147 2658 2195 2684 da-

1300 2699 1340 2730 gli
1360 2700 1458 2731 Arabi,
1479 2701 1516 2725 cf.
1535 2701 1684 2732 Renum),
1706 2701 1832 2726 Extraies
1850 2702 1896 2726 des
1915 2705 2024 2726 auteurs
2036 2701 2143 2732 arabes,
2154 2709 2196 2727 re-

1302 2742 1382 2774 Iatrjfs
1401 2750 1451 2766 aux
1471 2743 1622 2772 Croisadn,
1642 2751 1669 2775 p.
1690 2750 1747 2776 150.

1388 2782 1399 2799 ⁸
1418 2775 1439 2808 E
1458 2785 1649 2817 l’imperatore
1668 2785 1798 2810 Romano
1817 2784 1857 2810 IV
1875 2785 2015 2818 DIogene,
2029 2786 2055 2810 al
2075 2785 2158 2818 quale
2170 2786 2194 2810 sl

1300 2826 1411 2858 rivolge
1430 2827 1591 2859 Argirizzo.
1628 2827 1662 2852 Se
1682 2835 1739 2852 non
1759 2828 1809 2851 che
1834 2828 1861 2852 le
1880 2822 1986 2852 notizie
1998 2827 2048 2852 che
2060 2828 2109 2860 qui
2123 2825 2159 2852 di
2172 2828 2195 2852 u

1300 2866 1338 2892 M.
1366 2875 1423 2892 non
1443 2869 1626 2900 tlspondono
1645 2876 1661 2893 a
1682 2867 1783 2900 verita,
1803 2867 1903 2902 perche
1921 2869 2072 2902 Argirizzo
2097 2875 2197 2902 capeg-
2215 2893 2218 2895 ,

1299 2909 1383 2940 giava
1403 2910 1424 2933 il
1450 2911 1559 2942 partito
1585 2911 1635 2935 che
1659 2911 1841 2943 propendeva
1864 2918 1913 2944 per
1938 2911 1966 2936 la
1990 2918 2050 2937 resa
2075 2911 2105 2936 di
2129 2910 2196 2936 Bari

1299 2951 1374 2975 nelle
1394 2952 1471 2976 mani
1490 2952 1519 2977 di
1539 2952 1664 2977 Roberto
1679 2952 1846 2977 Guiscardo.
1884 2953 1929 2978 Cf.
1942 2953 2044 2978 Aaou.
2058 2953 2138 2982 BAR„
2151 2953 2195 2978 ad.

1302 3000 1344 3016 an.
1367 2998 1451 3024 107r;
1471 2992 1544 3019 Lvi‘.
1563 2994 1718 3023 Paos-oss„
1739 2996 1818 3025 ibid.;
1837 2995 1957 3024 ΑκΑτο,
1977 2995 2010 3025 V,
2031 3000 2073 3027 27.
