2314 3418
178 2309 208 2333 D.
223 2315 262 2330 120
268 2316 282 2330 r

346 199 393 238 72
917 195 1190 232 GAUFREDI
1218 192 1596 230 MALATERRAE
1657 192 1665 199 '
2011 199 2063 234 [A.
2083 200 2176 236 10⁸1]

348 322 362 337 “
377 320 520 352 hosfium
534 331 543 357 ;
559 319 622 352 sed
639 319 838 351 adhortetur
854 317 988 360 species
1004 322 1038 348 et
1054 315 1274 348 foecunditas
1289 314 1421 348 hostilis
1436 314 1653 356 adipiscendi
1677 315 1938 348 haereditaliter
1960 316 2046 359 agri.
2091 316 2179 359 Spe-

346 374 360 390 “
374 373 514 414 ciesque
537 377 572 404 et
594 370 805 403 abundantia
828 375 906 412 post
929 374 1116 406 certamen,
1139 368 1169 400 si
1191 373 1330 400 strenue
1354 367 1474 410 agatis,
1498 366 1597 400 vobis
1619 367 1758 400 debitae
1781 373 1903 409 sunt„.

427 424 524 456 Haec
547 423 677 462 dicem,
701 428 859 460 castrum,
883 421 975 464 quod
999 420 1161 463 Casopuli
1184 420 1321 460 dicitur,
1345 420 1379 452 in
1402 419 1514 452 insula
1535 419 1652 452 Corofi
1674 430 1879 464 oppugnans
1900 422 2004 464 capit,
2027 427 2062 455 et
2084 421 2180 455 aliud

341 483 499 515 castrum,
522 476 625 519 quod.
650 486 691 508 ex
713 475 848 507 nomine
870 475 1014 513 insulae,
1037 474 1194 506 Corofon
1217 483 1344 506 nomen
1366 473 1515 515 accepit,
1539 483 1617 505 cum
1647 478 1720 506 tota
1749 473 1860 506 insula
1889 485 1971 507 suae
2002 475 2179 517 mancipat
2246 518 2248 523 ,

341 529 503 562 servituti.
550 529 634 560 Inde
656 527 894 571 progrediens,
916 526 1047 565 urbem,
1071 536 1159 569 quae
1181 525 1341 558 Avalona
1365 525 1501 564 dicitur,
1527 525 1624 568 juxta
1639 525 1818 559 Emathios
1833 537 1984 570 campos,
2000 527 2082 571 quia
2098 537 2180 560 con·
2223 526 2247 562 5-

342 583 431 620 finio,
455 592 522 625 quo
545 581 771 624 applicuerat,
794 580 958 624 adjacens
981 586 1064 616 erat,
1096 589 1174 611 mox
1204 584 1440 623 oppugnatum
1471 579 1578 612 vadit.
1623 578 1733 611 Porro
1764 579 1867 619 cives,
1898 580 1996 614 ducis
2027 582 2179 615 adventu
2250 578 2252 582 '

342 635 469 674 audito,
492 634 753 677 praesentiaque
775 633 914 666 nimium
938 632 1055 670 territi,
1079 632 1207 665 viribus
1230 631 1299 664 suis
1322 631 1430 676 magis
1454 632 1664 670 deficientes,
1682 631 1860 666 deditione
1876 633 1921 666 de
1937 634 2059 677 seipsis
2073 634 2180 674 faeta,
2247 680 2249 682 Ι

344 688 418 721 eius
441 687 562 720 ditioni
586 697 663 719 cum
686 687 762 729 ipsa
785 686 868 718 urbe
891 685 1091 718 subduntur.
1138 685 1294 718 Castrum
1325 684 1430 717 etiam
1460 684 1645 728 quoddam,
1675 684 1761 717 urbe
1791 685 1886 718 haud
1915 687 2038 729 procul
2068 687 2181 726 situm,
2239 684 2241 686 ’

343 741 435 784 quod
457 740 576 773 Canna
600 739 790 778 dicebatur,
814 750 834 771 a
856 739 1052 781 praesentia
1075 738 1174 771 ducis
1197 738 1318 770 timore
1342 738 1542 781 languidum
1567 756 1609 761 —-
1634 743 1668 770 et
1689 748 1730 770 eo
1753 738 1899 771 maxime
1921 745 2065 782 propter
2087 740 2182 783 quod
2230 736 2232 738 ’

341 793 508 832 Avalona,
533 803 620 836 quae
643 792 783 825 bellicis*
802 792 911 834 copiis
938 803 973 823 se
990 790 1220 824 abundantior
1235 796 1320 828 erat,
1337 790 1549 823 deditionem
1566 792 1703 824 fecerat
1719 809 1759 814 —
1776 791 1871 824 haud
1893 801 1995 825 secus
2015 792 2181 826 subditur.
2234 800 2238 807 “

664 889 778 922 XXV.
802 907 843 912 -——
867 889 1056 921 Fortunam
1079 888 1147 920 sibi
1167 888 1236 920 dux
1256 888 1340 920 satis
1362 887 1443 920 bene
1463 887 1583 920 cedere

959 942 1181 984 cognoscens,
1205 940 1327 979 adiicit
1345 941 1502 984 plurima
1523 942 1643 974 visere.

953 994 1090 1027 Duraci
1109 994 1240 1026 moenia
1261 993 1390 1026 obsidet
1411 993 1570 1037 undique,

955 1047 1103 1080 Armata
1122 1047 1250 1091 populi
1268 1058 1370 1079 manu
1383 1046 1404 1079 ¹.

867 1126 925 1160 Sic
947 1127 1026 1160 urbs
1047 1127 1249 1159 contremuit
1258 1138 1271 1169 ‚·
1291 1126 1438 1159 hostibus
1458 1127 1574 1169 obsita,

955 1179 1121 1222 Diffldunt
1140 1179 1208 1212 sibi
1215 1180 1295 1223 jam
1310 1179 1430 1224 fortia
1451 1181 1604 1223 moenia,-

955 1233 1121 1265 Insistunt
1141 1233 1268 1265 civibus
1290 1233 1358 1265 tela
1381 1233 1568 1266 minantia.-

954 1285 1137 1319 Alternant
1157 1286 1224 1318 sibi
1233 1285 1378 1329 funera.

867 1364 937 1398 Sed
956 1366 1034 1409 plus
1056 1366 1219 1398 atteritur
1241 1366 1483 1410 asperitatibus

957 1419 1166 1451 Graecorum
1189 1418 1335 1463 populus
1358 1419 1501 1452 territus
1522 1419 1679 1463 hostibus,

956 1472 1035 1504 Nec
1056 1472 1174 1504 reddit
1195 1472 1333 1504 timidus
1355 1475 1481 1516 aspera
1503 1471 1666 1506 vulnera:

962 1525 1056 1558 Vires
1077 1526 1262 1558 abstulerat
1282 1526 1395 1558 timor.

871 1605 1192 1650 Constantinopolim
1215 1606 1371 1639 chartula
1393 1607 1552 1646 mittitur,

958 1659 1085 1693 Hostes
1106 1660 1143 1692 in
1161 1659 1295 1703 proelio
1318 1660 1442 1704 adfore
1464 1660 1591 1695 dib-itur

954 1713 1127 1757 Ereptum
1148 1713 1293 1756 veniant,
1316 1723 1390 1746 cum
1413 1716 1516 1757 prece
1537 1715 1726 1758 quaeritur,

960 1765 1020 1799 Ne
1041 1766 1227 1799 subdantur
1250 1767 1291 1799 ab
1312 1766 1468 1799 hostibus.

435 1875 566 1910 XXVI.
590 1894 630 1900 —
654 1876 845 1919 Imperator
871 1877 998 1920 itaque,
1029 1878 1073 1910 de
1103 1878 1301 1920 praesentia
1333 1878 1480 1911 hostium
1510 1879 1648 1912 sinistro
1678 1880 1805 1913 nuncio
1837 1886 1995 1923 accepto,
2025 1874 2222 1926 chartulisjg

349 1930 601 1973 expeditionem
623 1930 840 1969 submonens,
863 1936 971 1963 totum
993 1931 1174 1973 imperium
1197 1931 1377 1964 sollicitat:
1402 1932 1587 1975 multisque
1602 1932 1767 1974 millibus,
1782 1934 1902 1976 paucis
1917 1944 2060 1968 numero
2082 1933 2190 1968 hosti·
2206 1963 2226 1975 ,

348 1983 412 2017 bus
426 2002 468 2007 —
484 1984 546 2017 sed
568 1983 767 2017 strenuitate
790 1983 1096 2017 abundantioribus
1119 2003 1159 2007 —
1185 1995 1369 2018 occurrere
1385 1992 1493 2028 parat.
1539 1985 1765 2030 Credensque
1781 1998 1802 2019 a
1817 1987 2036 2020 multitudine
2051 1996 2207 2021 suortu'n'>
2219 1982 2225 2014 ,¹

350 2047 409 2070 eos
424 2037 530 2070 facile
554 2037 717 2080 occupari
738 2046 852 2080 posse,
875 2037 1077 2070 Venetianis
1093 2039 1244 2078 mandat,
1259 2045 1298 2072 ut
1313 2039 1461 2082 plurima
1475 2039 1586 2072 classe
1602 2041 1696 2082 apud
1711 2040 1896 2073 Duracium
1914 2040 1979 2074 sibi
1994 2046 2190 2081 occurrant,
2201 2073 2202 2076 ,

347 2095 396 2129 ut,
419 2089 447 2122 si
468 2089 516 2122 ibi
538 2089 630 2122 forte
652 2090 772 2130 nostri,
794 2089 886 2123 bello
910 2089 954 2123 ab
975 2090 1050 2133 ipso
1075 2090 1213 2129 devicti,
1236 2091 1410 2135 fugientes
1431 2101 1495 2134 per
1518 2102 1612 2124 mare
1644 2093 1793 2126 evadere
1816 2093 2019 2131 niterentur,
2040 2092 2085 2126 ab
2105 2092 2218 2138 imas>¹

349 2142 463 2175 navali
486 2142 672 2175 certamine
694 2143 885 2185 praeventi,
908 2143 1045 2176 facilius
1067 2143 1250 2186 intercepti
1273 2145 1532 2186 perimerentur.
1579 2145 1652 2184 Qui
1673 2145 1766 2189 jussa
1787 2145 1936 2179 fideliter
1965 2145 2216 2190 complentes,

351 2195 493 2228 classem
517 2195 723 2234 accelerant,
746 2195 928 2240 triduoque
952 2202 1030 2229 ante
1054 2196 1118 2229 sibi
1141 2197 1329 2239 praefixum
1353 2198 1397 2231 ab
1420 2197 1629 2240 imperatore
1651 2199 1844 2238 terminum,
1866 2209 1986 2232 versus
2000 2196 2218 2233 nuncin-24

351 2246 537 2281 adventare
560 2259 580 2281 a
602 2248 728 2281 nostris
750 2249 880 2281 eminus
903 2249 940 2281 in
955 2250 1043 2282 mari
1058 2250 1329 2292 conspiciuntur.
1375 2250 1433 2283 Ad
1450 2261 1593 2294 quorum
1610 2251 1768 2285 intuitum
1784 2251 1904 2292 nostri,
1921 2251 2021 2285 citius
2035 2251 2072 2285 in
2095 2262 2208 2285 arma--

354 2307 500 2341 ruentes,
515 2301 630 2334 navali
644 2311 830 2345 congressu
845 2302 1042 2335 dimicaturi
1057 2302 1211 2336 hostibus
1225 2304 1477 2346 promptissime
1501 2303 1698 2338 'occurrere
1721 2305 1928 2339 accelerant.
1974 2304 2103 2348 Sicque
2125 2314 2189 2348 pet
2210 2316 2215 2322 ‘¹

349 2358 454 2386 totam
477 2354 568 2387 diem
590 2353 759 2397 utrimque
782 2354 952 2388 acerrime
974 2365 1196 2399 congressum
1219 2362 1281 2389 est.

436 2405 486 2440 At
508 2417 584 2439 cum
605 2407 686 2450 jam,
709 2407 765 2440 die
780 2407 1019 2452 refrigerante,
1035 2408 1096 2448 sol,
1112 2410 1158 2442 ad
1173 2420 1335 2443 occasum
1350 2421 1508 2454 vergens,
1523 2411 1672 2454 liquidas
1687 2412 1798 2446 undas
1813 2412 1936 2445 oceani
1958 2412 2056 2456 quasi
2070 2411 2199 2447 subin-
2194 2426 2218 2459 1·-

350 2466 441 2493 trare
462 2460 647 2501 videretur,
669 2461 891 2503 praevalente
914 2462 1067 2495 hostibus
1088 2463 1287 2497 strenuitate
1310 2470 1514 2504 nostrorum,
1537 2464 1733 2504 Venetiani,
1755 2465 1884 2498 viribus
1907 2466 2072 2504 exhausti,
2087 2462 2215 2513 decu-«g

352 2513 479 2545 tionem
501 2513 715 2556 pollicentes,
737 2524 859 2557 pacem
879 2515 1096 2559 indutiasque
1118 2527 1226 2560 usque
1249 2516 1285 2549 in
1308 2517 1505 2557 crastinum,
1528 2528 1596 2561 quo
1619 2518 1701 2551 duci
1724 2529 1787 2561 pro
1810 2518 1912 2552 libitu
1926 2529 1989 2552 suo
2003 2508 2215 2581 foederet-3³

441 2631 465 2649 2.
485 2625 596 2650 debitae
614 2625 692 2658 sunt]
710 2626 868 2652 debltarum
886 2634 979 2652 rerum
996 2628 1025 2654 P
1041 2641 1073 2646 ·-
1093 2636 1118 2661 3.
1138 2628 1288 2663 Casopolis
1305 2630 1348 2654 P·
1362 2630 1454 2656 Carofi
1467 2631 1503 2660 P;
1517 2629 1641 2655 (ἴοι-οἱοὶ
1655 2632 1763 2657 BD—
1777 2640 1802 2664 4.
1817 2631 1959 2657 Carofium
1971 2630 2215 2674 hectorea-1,

355 2667 420 2691 BD
438 2680 471 2685 —
487 2672 510 2699 5.
522 2667 665 2701 Avalona]
684 2668 826 2694 Avolucia
845 2669 884 2699 P;
897 2669 1027 2694 Acalona
1047 2671 1131 2695 BD·
1142 2671 1301 2701 Emathios}
1316 2672 1480 2698 Pemachios
1492 2674 1528 2703 P·
1540 2673 1697 2699 Prematios
1708 2674 1746 2703 B·
1759 2674 1953 2699 Peremathlos
1966 2675 1996 2699 D
2007 2687 2041 2694 —
2055 2673 2105 2708 5-6.
2116 2679 2207 2707 con-a

353 2708 423 2733 finio
441 2716 492 2734 suo
510 2716 565 2742 quo
590 2709 655 2735 BD
678 2723 712 2729 -
731 2715 755 2742 7.
773 2712 864 2743 mugla
882 2709 1051 2745 deficientes]
1072 2713 1214 2744 ignaviter
1233 2714 1390 2740 diffidentes
1407 2715 1457 2739 P·
1478 2713 1522 2749 de]
1543 2723 1557 2740 a
1569 2716 1641 2740 Ρ-
1654 2715 1679 2741 8.
1693 2714 1790 2750 situm]
1806 2723 1898 2741 secum
1911 2717 2022 2742 BD—
2033 2723 2060 2749 9.
2073 2706 2203 2763 Cannar

357 2748 465 2775 ennam
481 2751 573 2775 BD·
593 2753 708 2784 propter
725 2760 773 2777 m.
793 2753 821 2777 P
837 2766 870 2771 —
892 2759 932 2777 10.
950 2753 1110 2778 Avalonem
1129 2755 1182 2778 P
1202 2755 1348 2781 deditione
1368 2758 1443 2782 facta
1461 2758 1487 2781 B
1506 2771 1539 2775 -
1560 2764 1600 2782 ιι.
1622 2759 1722 2792 Questo
1744 2758 1832 2789 primo
1850 2766 1929 2783 verso
1947 2766 2040 2783 manca
2058 2758 2086 2783 in
2105 2759 2130 2784 C'
2151 2763 2201 2783 -ἁ-

317 2796 330 2822 5
360 2798 400 2823 13.
418 2791 541 2826 moenia]
560 2795 676 2818 veniens
696 2795 720 2819 C
736 2807 769 2812 —
790 2800 831 2827 25.
851 2793 942 2828 prece]
960 2796 1053 2828 pretio
1070 2796 1099 2821 P
1114 2809 1147 2814 —
1167 2803 1208 2830 ²⁷·
1228 2800 1334 2823 nuncio
1351 2806 1400 2824 om.
1419 2799 1484 2824 BD
1502 2813 1535 2818 -
1553 2806 1596 2832 30.
1620 2807 1702 2833 posse
1725 2808 1774 2826 om.
1798 2801 1898 2826 BD·
1922 2801 2097 2826 Durrachium
2119 2791 2212 2848 ΒΒῙζ

355 2835 454 2865 sempr:
473 2846 505 2852 -
525 2840 566 2867 3²-
585 2834 742 2870 praeventi]
762 2836 901 2869 prohibiti
920 2837 985 2861 BD
1003 2851 1037 2855 —
1051 2844 1091 2870 34.
1106 2839 1191 2863 citius
1203 2846 1251 2864 om.
1263 2840 1332 2863 Ρ-
1346 2846 1388 2873 37.
1402 2839 1599 2875 refrigerante]
1613 2842 1770 2875 refugiente
1783 2843 1894 2867 BD—
1907 2850 1948 2876 39.
1962 2849 2110 2875 usquem-
2120 2838 2221 2894 ΒΒς-

443 2920 451 2936 ¹
471 2920 580 2947 Caduta
606 2922 697 2949 eorm
721 2924 755 2948 ed
777 2926 968 2958 assoggettata
998 2926 1073 2950 tutta
1098 2925 1201 2957 l’isola,
1220 2927 1241 2951 il
1296 2927 1485 2962 1116giugno
1508 2930 1583 2959 1081.
1603 2930 1728 2955 secondo
1748 2931 1775 2955 la
1797 2931 2020 2956 testimonlanza
2037 2931 2068 2956 di
2091 2930 2209 2977 Am}
2202 2922 2218 2936 ⁴

357 2960 512 2987 Guiscardo
526 2962 610 2995 porto
630 2963 923 2998 l’assedloavalona,
934 2974 949 2991 e
962 2968 1062 2999 qulndi
1077 2974 1094 2992 a
1106 2968 1245 3001 Durazzo,
1300 2969 1411 3002 comt,
1436 2971 1484 3002 111,
1506 2971 1622 3001 12;1V,
1644 2979 1666 2997 1.
