2314 3418
193 1451 219 1473 B,
237 1456 286 1470 nr

183 1662 258 1686 Mun„
273 1663 312 1687 5⁸⁶

180 2245 210 2268 D¹
226 2251 264 2265 ιη

272 2252 286 2265 v

305 2555 308 2558 ’
361 2548 388 2571 Ρ
403 2561 435 2565 -
458 2555 497 2572 11.
517 2548 689 2573 Cathaniam
710 2550 822 2580 fecerat,
840 2550 935 2574 tradat
953 2551 1013 2575 PC
1030 2565 1062 2568 —
1086 2559 1125 2577 12.
1145 2551 1299 2585 Gregorius
1317 2553 1344 2577 B
1362 2567 1370 2571 -
1390 2553 1578 2586 Angelmarus
1597 2555 1625 2579 P
1641 2569 1673 2573 —
1696 2561 1735 2586 13.
1755 2554 1907 2579 infimioris
1925 2555 1953 2579 Ρ
1969 2566 2002 2572 -
2024 2559 2064 2587 17.

307 2939 339 2957 10
365 2935 561 2962 “comitatum
583 2938 718 2971 Gir-acii„
733 2939 846 2974 (Ger-aci
861 2940 968 2972 Siculo,
988 2943 1019 2966 in
1039 2950 1119 2974 prov.
1144 2944 1173 2968 di
1198 2943 1248 2969 Pa·
1391 2946 1404 2963 ²
1422 2946 1541 2976 Boiano,
1561 2944 1609 2979 gia
1633 2947 1796 2979 gastaldato
1822 2946 1999 2979 longobardo
2023 2953 2039 2970 e
2063 2952 2082 2978 p

373 218 391 257 7
398 218 419 253 ὁ
943 217 1215 253 GAUFREDI
1245 215 1619 252 MALATERRAE
2033 222 2198 260 [A.1os21

368 339 545 381 ordinatis,
569 339 791 372 dimicaturus
815 340 975 372 occurrit.
1020 338 1161 371 Pedites
1184 338 1322 381 quidem
1344 347 1452 381 usque
1470 338 1515 371 ad
1529 338 1650 382 viginti
1664 338 1772 371 millia
1787 349 1807 371 a
1822 339 1944 373 dextro
1960 340 2068 373 latere
2084 350 2144 373 suo
2160 340 2198 373 in
2252 334 2255 374 ᾗ

367 402 545 425 occursum
576 392 723 424 hostium
754 393 927 434 paulisper
949 397 1173 434 anteponens,
1197 391 1270 433 ipse
1295 401 1373 423 cum
1398 391 1549 433 equestri
1571 386 1722 435 legione*
1740 391 1777 424 in
1805 392 1941 426 sinistro
1972 403 2079 426 cornu
2110 394 2196 427 fixus
2248 393 2254 415 Γ

366 455 515 483 manens,
532 445 644 477 hostes
659 444 895 487 praestolatur.
942 444 1057 477 Nostri
1074 449 1199 482 autem,
1216 454 1292 475 cum
1310 449 1447 476 centum
1470 444 1647 487 sexaginta
1668 445 1904 479 tantummodo
1927 446 2052 479 milites
2075 452 2197 486 essent,
2248 443 2254 491 J

364 498 412 529 nil
434 497 606 534 remorati,
637 503 821 535 certamen,
850 497 960 529 Deum
992 497 1057 529 sibi
1087 496 1273 538 propitium
1303 496 1513 534 invocantes,
1544 495 1673 529 ineunt.
1719 497 1908 542 Tertioque
1938 508 2042 542 super
2063 499 2198 542 pedites
2244 533 2248 535 ,

364 550 491 592 impetu
515 550 623 587 facto,
647 560 723 582 cum
746 549 971 582 immobiliter
992 549 1216 591 persistentes
1239 548 1377 581 flectere
1400 555 1584 591 nequeunt,
1610 549 1826 583 declinantes
1847 561 1907 584 eos
1930 562 2033 595 super
2062 552 2197 596 equites
2215 573 2222 588 -,
2247 572 2253 590 -,

362 603 505 641 irruunt,
529 602 734 645 fortiterque
751 603 1027 646 congredientes,
1051 602 1156 634 multa
1179 607 1294 646 strage
1318 602 1423 639 facta,
1445 602 1482 634 in
1505 602 1622 645 fugam
1646 608 1794 642 vertunt,
1818 614 1904 647 quos
1926 604 2148 649 insequentes
2163 612 2199 639 et
2230 597 2248 638 'f

365 661 537 688 extremos
559 665 712 699 quosque
737 656 912 694 cedentes,
944 665 1052 698 usque
1082 655 1117 687 in
1148 660 1281 698 portam
1313 654 1478 687 civita'tis
1508 655 1699 697 impellunt.
1744 656 1915 690 Benarvet
1943 658 1994 690 sic
2025 658 2110 702 fuga
2140 658 2199 691 vix

362 709 491 750 elapso,
509 709 551 740 de
568 707 743 750 peditibus
765 707 976 750 permaxima
999 713 1130 751 strages
1152 707 1247 739 facta
1270 713 1330 740 est.
1377 707 1496 739 Nostri
1520 717 1614 746 vero,
1639 713 1717 741 ante
1740 707 1861 741 urbem
1877 710 2026 742 tentoria
2039 711 2196 755 figentes,
2218 728 2230 756 j

362 760 591 793 obsessionem
614 760 899 804 praegravabant.
945 760 1016 793 Sed
1040 760 1222 798 Benarvet‚
1245 760 1335 792 clam
1360 760 1403 792 de
1425 765 1529 792 nocte
1551 760 1638 793 urbe
1655 761 1864 804 digrediens,
1881 772 1958 795 cum
1973 773 2112 807 pagano
2127 768 2198 796 tra-

363 813 471 846 ditore
495 813 643 857 fugiens,
666 813 845 857 Syracusis
868 824 903 845 se
927 813 1066 856 recepit.
1114 813 1242 856 Sicque
1265 813 1347 845 urbs
1371 823 1390 844 a
1413 812 1538 845 nostris
1560 815 1795 856 recuperatur.
1841 813 2002 859 Paganus
2016 815 2163 848 traditor
2176 826 2198 849 a

362 866 544 905 Benarvet‚
567 876 611 899 ne
635 866 852 910 Syracusam,
875 867 964 899 sicut
988 866 1200 906 Cathaniam,
1223 866 1348 905 tradat,
1371 867 1453 899 dum
1475 867 1629 909 praemia
1650 866 1808 909 pollicita
1830 868 1985 911 requirit,
2007 868 2233 908 truncatur.

448 963 581 996 XXXI.
607 982 647 986 -κ
672 963 857 1007 Gregarius
880 969 991 996 autem
1014 963 1112 995 miles
1135 963 1285 1006 quidam,
1308 963 1444 995 nomine
1471 963 1692 1006 Ingelmarus.
1716 964 1831 997 comiti
1854 964 1915 997 diu
1937 964 2117 998 servierat:
2139 961 2228 1005 cui-3v

360 1016 433 1058 ipse
458 1026 583 1054 comes,
606 1015 760 1058 quamvis
783 1016 953 1048 inferioris
975 1015 1111 1059 generis
1142 1021 1241 1057 esset,
1273 1021 1415 1058 propter
1444 1015 1624 1048 militarem
1654 1022 1768 1050 tamen
1798 1017 2044 1060 strenuitatem,
2076 1019 2231 1062 'qums

360 1070 396 1101 in
421 1078 462 1101 eo
485 1068 637 1106 videbat,
660 1068 779 1100 volens
802 1069 977 1101 servitium
999 1079 1095 1101 suum
1117 1069 1274 1108 honeste,
1296 1074 1334 1100 ut
1357 1068 1421 1100 sibi
1444 1079 1580 1111 semper
1602 1079 1677 1101 mos
1699 1069 1778 1108 fuit,
1801 1080 2032 1109 remunerare,
2054 1080 2231 1104 uxorem

360 1121 495 1164 nepotis
517 1122 567 1154 sui
591 1121 742 1154 Serlonis
766 1139 806 1144 -
830 1121 996 1154 videlicet
1019 1122 1078 1164 qui
1102 1121 1195 1163 apud
1219 1121 1373 1154 Siciliam
1396 1133 1417 1153 a
1441 1122 1625 1155 Saracenis
1654 1122 1877 1166 interemptus
1906 1123 2021 1157 fuerat
2046 1142 2089 1148 —
2119 1117 2233 1164 cumss⁴

364 1174 457 1207 omni
480 1175 559 1207 dote
582 1174 649 1206 sibi
673 1174 892 1216 competenti,
916 1175 991 1216 ipsa
1008 1175 1150 1206 multum
1166 1174 1345 1213 renitente,
1362 1174 1397 1206 in
1413 1175 1665 1208 matrimonium
1681 1175 1746 1208 sibi
1763 1177 1946 1217 concessit,
1961 1182 2010 1215 ut,
2025 1176 2232 1221 praeclaris

358 1228 494 1270 generis
515 1227 691 1259 mulierem
707 1246 750 1250 —
766 1233 840 1259 erat
856 1227 946 1259 enim
963 1227 1035 1259 filia
1052 1227 1205 1266 Rodulfi,
1222 1227 1425 1271 Bojanensis
1438 1228 1450 1246 ²
1466 1228 1600 1261 comitis
1618 1246 1657 1252 -
1674 1228 1789 1262 militis
1803 1230 2016 1273 generositas
2030 1223 2197 1274 quodam-
2210 1270 2212 1274 μ

360 1281 462 1313 modo
485 1281 574 1312 inter
597 1280 800 1313 consodales
822 1280 950 1313 clarior
971 1282 1077 1313 fieret.
1123 1281 1185 1313 Ille
1209 1290 1291 1313 vero
1315 1282 1408 1323 apud
1433 1281 1620 1321 Giraciurn‚
1636 1283 1733 1316 cuius
1757 1284 1929 1326 quadrans
1952 1294 1996 1316 ex
2017 1284 2099 1317 dote
2121 1286 2222 1330 mvn-{³

362 1334 455 1366 lieris
477 1333 541 1366 sibi
564 1333 782 1376 competebat
795 1332 816 1371 ¹,
839 1333 968 1375 nuptiis
989 1333 1190 1366 solemniter
1213 1333 1407 1374 celebratis,
1429 1344 1499 1367 non
1512 1335 1583 1379 jam
1607 1335 1803 1369 humilitatis
1817 1337 2031 1369 honestatem
2045 1345 2220 1377 servans„

362 1387 406 1419 ad
421 1387 474 1420 sui
490 1387 624 1430 generis
641 1386 852 1419 debilitatem
867 1393 1014 1419 mentem
1030 1386 1220 1420 reducebat
1229 1399 1238 1425 3
1255 1387 1318 1419 sed
1333 1387 1449 1420 uxoris
1464 1389 1728 1432 generositatem
1745 1389 1781 1421 in
1797 1390 1909 1423 animo
1924 1389 1990 1423 sibi
2004 1390 2211 1432 νὶιιάίεαιιι,«“

359 1440 535 1483 aequalem
551 1450 588 1472 se
603 1439 639 1472 in
654 1449 783 1483 genere
800 1442 846 1472 'et
862 1440 1028 1483 dignitate
1043 1440 1102 1482 illi,
1115 1441 1213 1472 cuius
1228 1445 1331 1473 antea
1346 1450 1434 1472 uxor
1449 1441 1573 1480 fuerat,
1583 1442 1719 1486 jactans
1733 1443 1822 1475 ultra
1834 1442 1987 1476 debitum
2000 1443 2216 1486 appetebant

446 1493 513 1526 Hic
536 1493 629 1535 apud
653 1493 839 1531 Giracium,
862 1492 922 1525 ubi
946 1503 1062 1525 comes
1084 1494 1204 1526 turrim
1228 1494 1432 1534 firmaverat,
1457 1495 1593 1527 demum
1624 1495 1876 1528 defensabilem
1898 1495 2082 1539 incipiens,

360 1546 453 1578 latim
475 1546 700 1588 provehendo
725 1552 760 1578 et
782 1546 956 1579 interdum
979 1546 1236 1584 dissimulando,
1260 1547 1483 1579 fortissimam
1508 1548 1627 1580 turrim
1651 1549 1748 1587 fecit,
1777 1548 1980 1582 Giraeenses
1995 1559 2113 1582 omnes

361 1599 613 1632 adulationibus
635 1605 669 1632 et
692 1599 871 1632 favoribus
893 1599 957 1632 sibi
985 1599 1173 1638 attrahens,
1197 1605 1241 1638 et,
1266 1601 1491 1633 sacramentis
1515 1601 1603 1634 datis
1626 1607 1662 1634 et
1684 1602 1848 1644 acceptis,
1871 1603 1907 1635 in
1932 1602 2084 1635 amicitia

361 1653 557 1686 foederans.
603 1652 710 1691 Quod
735 1663 811 1685 cum
834 1653 952 1685 comiti
976 1653 1222 1685 renunciatum'
1245 1654 1377 1692 fuisset,
1400 1653 1616 1687 insolentiam
1640 1655 1712 1687 eius
1735 1655 2010 1688 animadvertens
2030 1661 2066 1688 et
2088 1655 2126 1688 in

360 1710 471 1737 turum
482 1705 615 1744 timens,
627 1714 670 1737 ne
686 1705 776 1737 forte
795 1705 920 1738 fiducia
936 1706 1038 1738 turris
1053 1705 1090 1737 in
1105 1706 1247 1749 aliquod
1262 1707 1414 1739 deterius
1429 1707 1611 1740 consilium
1626 1713 1869 1747 reverteretur,
1879 1708 1999 1741 turrim
2010 1708 2047 1741 in
2057 1706 2175 1742 mod
2178 1666 2212 1751 ἒξ

363 1759 484 1791 domus
506 1757 703 1791 habitabilis
726 1758 903 1801 deponere
926 1759 1100 1792 humiliter
1121 1760 1231 1803 jubet,
1255 1759 1439 1803 increpans
1462 1770 1540 1793 eum
1571 1762 1677 1805 quod,
1709 1771 1745 1794 se
1775 1761 1980 1800 inconsulto,
2010 1761 2079 1795 tale
2109 1752 2214 1813 quid

359 1811 647 1854 praesumpsisset.
693 1811 755 1844 Ille
779 1821 861 1844 vero
885 1822 962 1844 cum
987 1812 1231 1845 Giraeensibus
1254 1813 1436 1846 consilium
1460 1814 1591 1847 habens
1613 1825 1767 1857 pravum,
1791 1815 1960 1848 definito
1949 1816 2034 1857 ipsis
2048 1825 2084 1848 se
2100 1826 2122 1848 a
2190 1805 2202 1817 ”

362 1864 443 1896 lium
465 1864 596 1897 laturos
618 1865 908 1907 promittentibus,
933 1865 1094 1898 beneficii
1115 1866 1181 1898 sibi
1204 1866 1333 1905 collati,
1355 1872 1394 1899 ut
1417 1868 1543 1900 assolet
1565 1868 1655 1900 inter
1678 1868 1879 1912 degeneres,
1910 1868 2046 1907 oblitus,
2075 1878 2142 1902 con

363 1918 523 1950 comitem
546 1918 780 1957 recalcitrare,
796 1918 911 1960 potius
925 1930 1026 1962 quam
1043 1919 1220 1958 oboedire,
1237 1920 1441 1953 indecenter
1456 1921 1572 1964 elegit.
1619 1920 1725 1959 Quod
1748 1931 1827 1954 cum
1851 1922 1966 1955 comiti
1982 1931 2105 1966 compe

369 1971 501 2008 fuisset,
530 1970 772 2003 Giraeensibus
802 1977 840 2003 ut
870 1972 990 2004 turrim
1022 1973 1198 2005 destruant
1229 1979 1263 2005 et
1292 1973 1522 2016 Ingelmarum
1554 1974 1706 2017 captioni
1735 1985 1818 2007 suae
1849 1975 2008 2013 reddant,
2039 1975 2085 2007 im

360 2022 494 2061 Quibus
516 2042 558 2047 —
581 2034 650 2056 non
673 2030 741 2056 tam
765 2023 932 2057 fidelitate
955 2024 1151 2068 Ingelmari‚
1176 2026 1238 2058 sed
1262 2027 1342 2069 quia
1366 2038 1467 2060 omne
1499 2037 1608 2071 genus
1638 2034 1773 2061 nostrae
1805 2027 1919 2071 gentis
1949 2027 2019 2061 illis
2047 2029 2084 2060 in

360 2083 442 2114 erat,
467 2082 502 2110 et
524 2077 632 2121 magis
655 2076 846 2110 discordias
868 2078 960 2110 inter
980 2084 1126 2117 nostros,
1150 2090 1250 2122 quam
1276 2089 1410 2122 pacem,
1435 2081 1509 2113 fieri
1535 2081 1767 2123 expectabant
1792 2099 1832 2104 -
1855 2081 1892 2113 id
1907 2091 2012 2125 agere
2035 2091 2074 2114 re

359 2130 460 2169 tibus,
485 2141 610 2168 comes,
633 2130 840 2174 legalitatem
866 2143 960 2164 suam
983 2143 1133 2170 servans,
1156 2133 1323 2165 hactenus
1339 2133 1470 2166 homini
1487 2144 1548 2166 suo
1565 2134 1789 2167 diffidentiam
1806 2134 1841 2166 in
1855 2140 2030 2177 posterum
2045 2145 2140 2167 man

359 2184 492 2228 sicque,
517 2184 654 2216 admoto
678 2184 843 2223 exercitu,
867 2194 986 2218 versus
1009 2185 1186 2218 Giracium
1209 2185 1384 2219 obsessum
1406 2187 1529 2231 pergit.

447 2236 661 2281 Ingelmarus
685 2239 791 2276 'vero,
815 2244 890 2270 astu
914 2238 1153 2271 Giraeensium
1175 2239 1308 2272 animos
1323 2239 1535 2279 demulcens,
1559 2240 1734 2284 aliquanto
1756 2247 1913 2283 tempore
1937 2251 2019 2274 suae
2041 2241 2101 2274 ine
2134 2257 2144 2267 .

360 2289 548 2332 complices
572 2289 730 2323 detinuit.
776 2290 833 2329 At,
857 2301 935 2323 cum
958 2291 1117 2324 viderent
1139 2302 1176 2324 se
1198 2303 1219 2324 a
1242 2292 1368 2325 comite
1393 2293 1543 2325 exterius
1565 2293 1777 2337 interiusque
1808 2294 2043 2337 praegravari,
2070 2304 2091 2328 c

360 2347 439 2374 runt
462 2347 496 2373 et
517 2341 585 2383 ipsi
607 2352 628 2374 a
650 2342 754 2375 stulto
778 2343 956 2385 proposito
981 2344 1128 2376 deficere
1153 2350 1188 2377 et
1211 2345 1362 2388 fatigari.
1408 2346 1516 2385 Quod
1539 2346 1751 2390 Ingelmarus
1774 2347 1970 2386 advertens,
1993 2347 2114 2380 territu

360 2393 403 2426 ab
426 2393 507 2436 ipsis
531 2394 649 2427 comiti
674 2395 867 2428 traderetur
891 2401 925 2428 et
946 2396 1012 2438 ipsi
1034 2397 1352 2438 reconciliarentur,
1377 2399 1547 2442 profugus
1571 2399 1733 2438 evadens,
1750 2398 1919 2432 discessit.
1965 2399 2064 2433 Uxor
2078 2409 2138 2432 au

450 2513 472 2530 x.
491 2513 508 2530 a
525 2513 574 2531 om.
592 2507 620 2530 Ρ
636 2521 668 2525 -
687 2514 712 2539 3.
731 2509 843 2532 tantum
863 2508 927 2532 BD
946 2521 978 2526 -
997 2516 1021 2540 4.
1036 2509 1182 2542 remorati]
1195 2512 1323 2536 timorati
1338 2511 1363 2534 B
1373 2512 1401 2535 D
1414 2524 1445 2528 —
1461 2518 1484 2544 7.
1498 2512 1538 2536 sic
1554 2509 1631 2545 fuga]
1647 2519 1712 2536 vero
1726 2512 1766 2536 sic
1780 2520 1828 2544 per
1843 2512 1937 2544 sugam
1949 2512 2018 2536 Ρ-
2031 2510 2056 2536 8.
2070 2519 2099 2536 ιιι

361 2588 523 2622 Bajanensis
543 2591 571 2615 P
587 2606 619 2610 —
642 2591 728 2622 17—18.
746 2592 955 2623 quodammodo
973 2601 1021 2617 om.
1040 2594 1108 2617 Ρ-
1123 2594 1163 2619 18.
1177 2595 1287 2620 sodales
1301 2596 1348 2620 P·
1363 2596 1413 2620 ille
1431 2603 1499 2620 vero
1517 2604 1566 2621 om.
1584 2597 1647 2620 BD
1665 2609 1675 2615 -
1696 2596 1845 2621 Geracium
1857 2597 1896 2627 P,-
1908 2596 2073 2622 Girachium

360 2631 473 2656 chenses
488 2633 539 2664 gr'a
556 2633 621 2658 BD
639 2646 671 2651 —
693 2640 733 2666 ¹9·
752 2633 939 2666 honestatem]
958 2635 1094 2660 honorem
1113 2636 1171 2660 PC
1186 2650 1221 2655 —
1240 2644 1281 2662 20.
1301 2635 1344 2671 in]
1362 2639 1391 2663 et
1410 2639 1437 2662 P
1449 2651 1480 2656 --
1495 2645 1537 2663 21.
1551 2638 1625 2663 ultra
1639 2638 1776 2671 debitum]
1790 2640 1921 2671 proterve
1932 2639 1959 2663 Ρ
1970 2638 2035 2663 C—
2048 2645 2091 2672 ²3·

360 2672 388 2696 Ρ
401 2686 410 2690 -
430 2681 525 2698 omnes
545 2682 609 2699 suos
622 2677 650 2699 et
668 2683 721 2700 nos
733 2676 839 2700 adulat.
853 2676 879 2700 B
888 2677 918 2701 D
929 2690 962 2695 -
976 2676 1019 2701 26.
1032 2677 1145 2710 timens]
1160 2687 1261 2704 cavens
1274 2680 1358 2705 BD
1371 2680 1570 2713 reverteretur]
1584 2682 1710 2706 uteretur
1723 2683 1755 2706 ut
1766 2681 1793 2705 B
1805 2694 1837 2700 —-
1852 2687 1894 2712 27.
1907 2679 2058 2714 deponere]
2071 2687 2100 2706 ro

360 2714 467 2739 BD—
488 2714 530 2740 28.
549 2717 678 2748 pravum]
697 2725 783 2749 prave
801 2718 828 2741 Ρ
844 2731 875 2735 -
896 2717 939 2742 28-
932 2725 984 2750 -29.
1004 2717 1152 2753 auxilium]
1172 2721 1228 2745 sibi
1246 2722 1304 2746 PC
1316 2735 1348 2739 --
1361 2729 1403 2754 31.
1423 2723 1542 2748 reddant
1561 2723 1706 2752 mandans,
1727 2725 1846 2756 imperat
1864 2723 1957 2748 BD·
1970 2722 2090 2748 reddant

362 2755 429 2780 dent
447 2758 475 2781 P
491 2771 524 2776 —
542 2764 585 2789 32.
603 2758 742 2791 invisum}
762 2759 893 2784 odiosum
911 2760 977 2784 BD
995 2773 1027 2778 -—
1048 2768 1093 2792 33-
1095 2767 1136 2793 34.
1157 2762 1201 2787 id.
1231 2780 1255 2788 ..
1275 2762 1426 2798 recusant]
1451 2765 1486 2789 ad
1512 2765 1542 2789 id
1568 2767 1708 2790 recusant.
1734 2767 1761 2790 P
1783 2779 1816 2784 -
1842 2764 1884 2798 36.
1906 2765 2102 2790 Giraeensium

362 2798 467 2822 facium
486 2800 541 2823 P·
561 2800 695 2833 ineptiae]
716 2802 860 2833 nequitiae
878 2803 908 2827 D
926 2815 958 2819 -
979 2808 1021 2834 37
1042 2810 1103 2827 cum
1123 2803 1243 2838 videret]
1262 2805 1328 2830 dum
1347 2806 1447 2831 vident
1465 2807 1491 2830 P
1511 2821 1543 2825 —
1563 2806 1604 2839 38.
1624 2807 1774 2832 advertens
1792 2815 1842 2832 om.
1854 2808 1919 2833 BD
1931 2821 1963 2825 —
1977 2814 2019 2840 39.
2032 2810 2155 2840 evtgstn(

453 2895 460 2911 ¹
481 2896 575 2921 “Cum
596 2900 672 2923 omni
685 2899 746 2932 jure
765 2899 821 2924 sibi
841 2900 1014 2933 competenti
1033 2903 1158 2932 quartae
1167 2909 1249 2935 super
1302 2912 1386 2934 sacra,
1405 2905 1425 2936 1,
1440 2911 1500 2938 309.

364 2977 476 3011 lermo)·
496 2980 554 3004 cosi
577 2982 606 3005 in
626 2989 664 3006 un
683 2982 853 3008 documento
873 2984 951 3009 edito
970 2985 1017 3008 dal
1031 2983 1134 3016 Pisae,
1154 2985 1249 3011 Sicilia
1303 2987 1376 3012 delle
1395 2989 1486 3021 prime
1504 2990 1603 3014 contee
1621 2996 1786 3018 normanus,
1808 2990 1837 3013 in
1851 2995 1934 3022 prov.
1947 2989 1975 3014 di
1989 2987 2116 3020 Campob
