2358 3502
435 323 575 359 scilicet
602 322 649 357 V.
689 322 829 356 Rerum
856 318 1084 361 Italicarum3
1115 315 1180 351 sed
1207 316 1244 349 in
1273 324 1423 349 munere
1453 311 1621 347 debitum
1648 309 1896 354 retribuimus,
1929 320 1975 344 ne
2012 307 2195 344 modestia
2223 313 2285 345 tua

434 413 645 448 recusares3
675 401 775 448 plura
802 411 959 447 namque
989 397 1166 441 continet,
1195 406 1289 442 quae
1318 398 1381 429 tua
1409 397 1503 437 sunt,
1533 401 1699 438 quaeque
1729 401 1796 425 nos
1824 389 1881 424 Te
1910 387 2088 436 largiente
2116 389 2203 425 laeti
2221 400 2282 425 ac-

435 483 609 529 cepimus,
638 486 675 517 et
710 479 860 516 literatis
898 477 1068 513 omnibus
1105 475 1191 511 viris
1227 484 1292 520 per
1328 477 1437 520 typos
1473 476 1618 507 nostros
1654 468 2019 506 communicavimus.
2076 470 2202 506 Aucta
2229 474 2285 506 est
2345 518 2348 522 Δ

434 561 606 598 collectio
632 565 756 595 nostra
784 557 1031 593 munificentia
1061 562 1134 600 tua,
1163 565 1235 602 qua
1263 554 1443 599 insignem
1472 551 1745 587 Bibliothecam
1773 548 2054 597 Metropolitani
2082 549 2187 585 huius
2215 547 2284 585 Ca-

432 641 535 688 pituli
560 640 795 676 libentissime
822 637 1001 680 reserasti,
1032 642 1069 670 et
1096 634 1206 671 MSS.
1236 632 1434 678 Codicum,
1463 643 1556 679 quos
1584 631 1621 667 in
1650 641 1735 665 eam
1763 629 1794 665 F
1796 629 1951 666 rancisci
1978 629 2159 677 philelphi
2191 629 2283 666 libe-

430 721 566 767 ralitas,
595 725 633 756 et
661 720 700 756 S.
736 719 862 755 Caroli
886 715 1179 766 praedecessoris
1206 715 1258 750 tui
1286 713 1479 761 singularis
1508 723 1596 749 cura
1625 710 1841 755 contulerat,
1871 710 2019 758 copiam
2037 711 2167 756 fecisti,
2187 711 2284 748 unde
2341 718 2344 720 “

430 802 537 837 nobis
562 802 655 837 inter
682 800 802 847 plures
829 799 1036 842 Hebraeos,
1065 796 1244 840 Graecos,
1275 801 1312 830 et
1344 794 1499 830 Latinos
1528 793 1749 839 Scriptores,
1778 790 1892 828 veluti
1912 803 1932 827 e
1952 790 2129 827 latissimo
2147 802 2284 840 campo

430 882 539 917 flores
567 881 764 929 decerpere
791 879 905 924 licuit,
934 877 995 925 qui
1023 887 1186 912 coronae
1214 874 1426 911 Italicarum
1453 874 1689 910 historiarum
1715 872 1938 909 intexendae
1974 871 2166 909 decentius
2194 883 2283 910 con-

428 961 606 997 venirent.
660 959 794 1006 Neque
823 970 894 994 una
921 961 1062 993 tantum
1091 955 1136 991 de
1166 967 1274 991 causa
1302 965 1377 989 non
1404 955 1589 1001 ingratum
1617 954 1704 989 Tibi
1733 953 1895 990 futurum
1922 952 2164 1000 confidimus;
2197 965 2284 989 nam

432 1042 502 1078 erit
527 1040 626 1076 aliud
653 1040 792 1075 muneri
821 1039 989 1086 pretium,
1019 1037 1048 1072 si
1076 1035 1123 1071 ad
1156 1046 1211 1081 ea,
1249 1046 1345 1082 quae
1382 1035 1530 1071 aliunde
1569 1034 1859 1083 conquisivimus
1894 1032 2025 1070 oculos
2061 1035 2181 1070 vertas
2189 1043 2200 1081 ;
2236 1032 2284 1069 ad
2343 1067 2346 1069 .

430 1121 634 1156 Cumanum
662 1118 836 1155 videlicet
862 1123 977 1163 tuum,
1006 1117 1084 1153 sive
1114 1115 1337 1152 Comensem
1365 1114 1609 1163 Anonymum
1636 1115 1878 1162 Scriptmem,
1909 1114 1983 1162 qui,
2015 1114 2178 1150 carmine
2196 1113 2285 1150 licet
2346 1125 2348 1127 ’

427 1200 579 1245 inculto,
608 1200 789 1246 insignem
825 1198 970 1234 Patriae
1007 1203 1091 1233 tuae
1129 1195 1275 1232 cladem
1312 1206 1453 1231 summa
1489 1194 1562 1230 fide
1601 1194 1805 1242 descripsit.
1863 1193 1938 1231 Sed
1976 1205 2070 1244 quae
2108 1205 2284 1243 umquam

430 1279 627 1316 delectatio
663 1279 750 1314 oriri
785 1278 923 1326 poterit
960 1289 1007 1313 ex
1043 1277 1223 1312 memoria
1260 1275 1546 1312 calamitatum?
1584 1276 1770 1312 Nascetur
1806 1273 1992 1324 equidem,
2029 1273 2284 1311 PRINCEPS
2346 1287 2348 1330 ᾗ

428 1357 854 1404 EMINENTISSIME,
882 1370 904 1394 a
932 1357 1211 1404 comparatione
1240 1357 1375 1392 veteris
1404 1363 1442 1393 et
1470 1356 1671 1404 praesentis
1699 1356 1879 1402 fortunae,
1906 1356 2124 1404 juvabitque
2142 1355 2285 1391 fuman-
2346 1368 2350 1374 ⁴

427 1445 503 1476 tem
531 1438 649 1474 adhuc
676 1438 867 1475 hostilibus
894 1437 1051 1474 flammis
1078 1438 1348 1473 ornatissimam
1377 1437 1508 1473 urbem
1537 1437 1768 1483 cogitatione
1795 1436 1941 1481 intueri,
1962 1441 2002 1472 ut
2020 1435 2203 1482 majorum
2221 1447 2284 1471 cu·
2345 1481 2350 1486 ἒ

428 1531 506 1554 ram
533 1520 571 1554 in
598 1530 643 1555 ea
668 1519 902 1555 instauranda
931 1517 1182 1563 commendeS,
1213 1523 1250 1554 et
1277 1519 1399 1554 rideas
1427 1518 1594 1554 fortunae
1622 1516 1754 1563 lusum,
1785 1528 1854 1553 ceu
1873 1517 1933 1566 qui
1953 1517 2183 1564 naufiagium
2201 1528 2284 1565 pas—

427 1612 486 1636 sus
512 1604 593 1636 toto
621 1600 699 1635 nisu
726 1600 764 1635 in
791 1605 927 1635 terram
958 1611 997 1636 se
1033 1600 1227 1646 recipiens,
1265 1598 1314 1634 ad
1349 1610 1451 1635 mare
1489 1610 1690 1635 conversus
1726 1602 1765 1634 et
1800 1597 1955 1646 periculi
1993 1597 2217 1643 vastitatem,
2246 1604 2284 1634 et
2349 1635 2352 1638 Δ

425 1680 579 1717 salutem
606 1692 712 1717 suam
741 1680 957 1717 confirmato
985 1681 1110 1716 animo
1138 1680 1310 1716 revolvit.
1365 1680 1447 1716 Erit
1476 1680 1588 1716 etiam
1607 1685 1644 1715 et
1664 1677 1908 1715 Comensibus
1927 1679 1998 1715 tuis
2016 1690 2091 1715 non
2109 1678 2284 1726 exiguum

426 1761 589 1797 laetitiae
618 1766 884 1808 argumentum,
914 1773 998 1796 cum
1026 1762 1124 1798 inter
1151 1761 1304 1798 afflictas
1333 1762 1424 1797 olim
1452 1772 1603 1796 suorum
1631 1759 1785 1795 familias
1813 1759 2034 1796 felicitatem
2061 1771 2159 1796 nunc
2177 1759 2283 1796 Tuae

425 1841 659 1887 admirantur,
688 1847 815 1891 totque
843 1842 882 1877 in
909 1854 1019 1878 unam
1046 1854 1121 1878 uno
1148 1847 1320 1890 tempore
1349 1841 1504 1878 collatas
1533 1841 1745 1888 dignitates,
1780 1853 1873 1890 quas
1909 1841 2074 1889 pluribus
2099 1839 2281 1878 illustran-

426 1921 481 1957 dis
507 1921 690 1958 adhibitas
716 1921 942 1958 nobilissima
969 1933 1135 1971 quaeque
1166 1922 1308 1958 Civitas
1335 1922 1617 1969 magnifaceret.

510 2003 560 2038 Et
585 2014 672 2039 sane
700 2003 764 2040 vix
791 2004 828 2038 in
856 2003 928 2038 ulla
957 2015 1131 2052 umquam
1160 2003 1384 2052 Republica,
1413 2003 1478 2038 ubi
1506 2003 1650 2039 facilius
1669 2003 1838 2051 personis
1865 2003 2025 2052 singulis,
2045 2014 2157 2053 quam
2174 2004 2283 2041 fami-

425 2081 480 2118 liis
507 2082 624 2119 honos
650 2083 817 2129 habetur,
846 2083 1055 2120 distributas
1081 2084 1118 2119 in
1157 2084 1278 2131 capita
1314 2089 1371 2121 tot
1408 2083 1605 2131 dignitates
1640 2084 1709 2120 sub
1746 2096 1820 2121 uno
1855 2089 1958 2121 tecto
1994 2084 2281 2122 numerabimus.

426 2161 499 2199 Sed
526 2163 598 2198 hoc
625 2163 662 2198 in
690 2164 827 2200 familia
853 2169 917 2200 tua
946 2164 1173 2201 domesticae
1203 2165 1330 2201 virtuti
1357 2163 1593 2201 tribuendum
1621 2169 1712 2211 erat,
1742 2170 1781 2201 ut
1813 2165 1875 2213 qui
1912 2165 2100 2212 Majorum
2136 2171 2281 2203 vestro-

425 2254 505 2278 rum
532 2243 703 2292 exemplo
731 2244 885 2280 instituti
913 2244 959 2280 ad
988 2244 1083 2280 bene
1110 2245 1272 2292 gerenda
1300 2245 1449 2293 publica
1476 2256 1628 2282 munera
1655 2244 1784 2281 idonei
1812 2257 1942 2282 omnes
1959 2245 2187 2292 judicamini,
2207 2246 2280 2282 sin-

424 2323 498 2369 guli
525 2322 698 2359 traditam
735 2323 821 2360 fidei
857 2329 1000 2361 vestrae
1037 2325 1326 2373 Rempublicam
1362 2326 1677 2362 administraretis.
1732 2327 1834 2362 Hinc
1865 2325 2038 2362 Marchio
2074 2326 2280 2363 Antonius-

425 2402 544 2438 Maria
571 2409 675 2449 pater
703 2409 784 2439 tuus
810 2405 849 2440 in
876 2405 949 2441 hoc
977 2404 1253 2442 Mediolanensi
1280 2405 1418 2442 Senatu
1447 2405 1685 2442 consiliorum
1717 2407 1902 2453 gravitate
1930 2418 1975 2442 ac
2003 2407 2197 2454 prudentia
2215 2406 2279 2443 diu

428 2483 715 2530 commendatus,
746 2484 793 2520 ad
820 2485 1003 2522 maximos
1031 2486 1162 2532 Togae
1199 2486 1360 2523 honores
1396 2487 1574 2533 ascendit,
1611 2491 1722 2535 atque
1759 2487 1855 2523 inter
1892 2487 2082 2534 Regentes
2117 2486 2279 2535 Regiam

426 2561 701 2608 Cancellariam,
730 2570 769 2599 ut
796 2570 947 2610 vocant,
977 2571 1182 2614 cooptatus,
1211 2579 1294 2603 eam
1322 2567 1463 2604 nomini
1491 2580 1558 2604 suo
1587 2567 1723 2603 famam
1755 2567 1998 2614 comparavit,
2035 2577 2146 2616 quam
2181 2566 2278 2603 nulla

425 2647 525 2677 aetas
553 2642 598 2677 de
626 2644 806 2680 memoria
834 2650 1040 2681 nostrorum
1068 2648 1282 2685 excusserit.
1325 2648 1382 2684 Te
1411 2660 1514 2693 vere,
1545 2647 1605 2684 cui
1632 2647 1870 2685 Pontificiam
1897 2648 1936 2683 in
1954 2648 2049 2684 hanc
2068 2647 2220 2694 Sedem,
2241 2653 2280 2685 et

425 2720 571 2756 Ordinis
598 2722 876 2769 amplitudinem
904 2731 1040 2762 evecto
1068 2728 1131 2763 vix
1158 2727 1295 2776 aliquid
1322 2734 1487 2776 superest
1514 2728 1730 2776 optandum,
1760 2740 1827 2776 par
1854 2728 2047 2765 doctrinae
2081 2727 2201 2776 pietas
2227 2727 2279 2765 ita

426 2800 552 2837 delatis
579 2801 777 2840 honoribus
806 2804 957 2851 dignum
985 2806 1158 2853 ostendit,
1189 2813 1227 2844 ut
1263 2820 1339 2844 non
1374 2809 1460 2846 satis
1497 2809 1693 2845 virtutibus
1729 2809 1801 2845 tuis
1836 2809 2057 2846 retributum
2094 2809 2278 2845 fateantur

423 2891 563 2927 omnes,
592 2882 658 2917 nisi
686 2883 733 2919 ad
760 2896 968 2932 supremam
997 2888 1108 2923 etiam
1143 2888 1385 2926 humanarum
1422 2889 1642 2938 dignitatum
1679 2889 1870 2926 ascendas.
1926 2890 2088 2938 Magnae
2127 2888 2277 2936 quidem

1253 3049 1433 3084 ...ᾗ-

2354 2190 2358 2197 .
2354 2175 2356 2177 .
2352 2141 2358 2164 ,η
2355 2112 2358 2123 .,
2349 1965 2358 2100 ,κ-ῃψωὺι
2348 1848 2358 1959 amasam*
2350 1808 2352 1812 ⁷
