2314 3418
207 1428 255 1446 UR..
273 1428 310 1447 5⁹7

301 3025 334 3043 ιο
359 3018 502 3052 Rugglero
523 3020 551 3044 fa
569 3021 669 3045 alcune
688 3020 843 3045 donazionl
864 3019 891 3044 al
911 3020 1073 3044 monastero
1087 3018 1116 3043 di
1129 3017 1250 3043 Sant’A-
1306 3018 1357 3043 618
1376 3027 1390 3043 e
1403 3027 1468 3052 993;
1490 3020 1604 3049 ΑΜΑιυ,
1625 3020 1673 3049 111,
1697 3019 1752 3051 181,
1774 3028 1802 3045 n.
1823 3027 1846 3044 1.

365 239 411 273 98
943 235 1217 271 GAUFREDI
1245 235 1621 271 MALATERRAE
2028 243 2081 277 [A.
2102 242 2196 277 1092]

450 359 575 391 Comes
598 363 712 391 autem
736 358 857 390 urbem
879 358 1063 400 ingressus,
1090 362 1127 389 ut
1157 356 1260 389 funus
1286 356 1346 389 filii
1377 357 1567 399 conspexit,
1597 357 1808 392 intolerabili
1840 359 1961 392 dolore
1993 358 2194 402 corripitur;

365 420 563 454 omnesque,
586 411 645 454 qui
669 421 748 442 cum
771 410 846 452 ipso
870 410 1091 447 advenerant,
1116 409 1246 442 doloris
1268 409 1457 452 participes
1487 409 1581 448 faeti,
1613 410 1795 444 lacrimoso
1826 412 1968 454 planctu
1998 411 2195 455 rapiunturz

364 464 546 506 pluresque
569 462 675 505 patris
698 461 806 501 dolor,
830 472 932 505 qnam
955 462 1097 505 Jordani
1121 471 1223 501 mors,
1247 462 1291 494 ad
1318 461 1480 495 lacrimas
1509 463 1743 505 pertrahebat.
1787 464 1880 498 Urbs
1909 469 1982 498 tota
2015 464 2196 498 lacrimoso

363 516 492 548 ululatu
515 515 710 554 ventilatur,
733 515 771 547 in
793 521 936 554 tantum,
959 520 997 547 ut
1011 515 1103 557 ipsos
1119 514 1321 554 Saracenos,
1337 520 1455 548 nostro
1471 516 1589 559 generi
1612 515 1753 554 invisos,
1767 528 1837 550 non
1853 517 1993 562 quidem
2009 528 2053 551 ex
2067 528 2196 556 amore,

362 569 422 602 sed
445 579 488 601 ex
510 578 666 601 moerore
689 578 756 611 quo
779 574 913 602 nostros
942 568 1031 600 affici
1062 567 1235 606 videbant,
1258 567 1396 611 pietatis
1416 568 1566 602 affectus
1587 569 1794 612 pervadens,
1825 571 1871 603 ad
1901 570 2058 604 lacrimas
2087 581 2197 614 usque
2243 571 2261 603 5
2307 572 2314 603 l

362 621 585 663 pertraheret.
631 620 757 653 Comes
778 620 905 665 itaque,
927 621 1032 654 funus
1053 622 1221 655 decenter
1243 621 1418 660 ordinans,
1449 621 1624 666 Traynam
1648 631 1784 665 corpus,
1814 623 1860 656 ad
1887 623 2056 666 porticum
2087 624 2197 657 sancti

366 674 512 712 Nicolai‚
535 674 731 706 solemniter
753 673 975 707 humandum'
1001 673 1153 713 deducit,
1177 674 1285 707 multa
1307 674 1475 707 beneficia
1499 675 1612 708 eidem
1639 675 1820 714 ecclesiae,
1850 676 1912 710 sed
1941 677 1987 710 ed
2017 677 2102 716 aliis,
2132 687 2197 720 pro

361 727 598 769 redemptione
620 727 753 760 animae
776 727 850 760 eius
871 728 1071 762 conferens:
1096 737 1187 760 anno
1210 727 1349 761 Domini
1371 728 1620 761 incarnationis
1641 728 1782 762 MXCII
1795 730 1815 762 ¹.

448 779 556 813 Porro
581 780 673 813 cives
695 780 791 813 urbis
811 780 1003 825 Pentargae
1018 780 1040 818 ²,
1071 791 1159 824 quae
1181 780 1267 825 juris
1282 780 1426 823 Jordani
1442 781 1609 814 hactenus
1623 781 1749 821 fuerat,
1763 787 1907 815 mortem
1923 782 2078 826 Jordani,
2093 794 2195 827 quem

358 835 541 877 plurimum
564 834 867 877 pertimescebant,
891 835 1083 875 audientes,
1106 844 1204 868 casso
1227 834 1355 878 gaudio
1388 835 1568 877 rapiuntur
1601 840 1714 878 atque,
1737 835 1772 867 in
1794 834 2012 868 insolentiam
2041 845 2196 878 prorum—

365 893 497 930 pentes,
519 888 636 932 jugum
661 894 798 921 nostrae
820 888 931 932 gentis
953 887 1155 921 rebellando
1179 899 1200 920 a
1221 898 1258 920 se
1283 890 1462 920 excutere'
1489 889 1618 921 frustra
1639 888 1802 920 nituntur.
1848 887 1937 921 Nam
1969 898 2096 927 comes,
2125 888 2197 922 filio

362 942 513 981 humato,
535 941 585 973 nil
607 948 809 982 remoratus,
833 953 911 975 cum
934 942 1009 975 sola
1037 942 1171 974 familia
1199 952 1262 975 sua
1291 941 1369 975 illos
1399 941 1573 974 obsessum
1604 941 1710 980 vadit,
1741 940 2001 984 expeditionem
2031 941 2075 975 ab
2105 943 2198 975 omni

365 994 483 1027 Sicilia
504 1004 541 1026 se
562 994 645 1027 illuc
668 995 846 1039 subsequi'
870 994 1052 1037 imperans.
1099 994 1228 1038 Sicque
1251 995 1286 1027 vi
1312 1004 1487 1037 superans,
1502 994 1591 1033 illos,
1607 994 1667 1037 qui
1682 1000 1750 1027 tam
1766 994 1875 1036 inepti
1892 994 2028 1027 consilii
2041 1000 2199 1028 auctores

360 1047 509 1085 fuerant,
532 1057 715 1090 suspensos
737 1048 895 1086 extinxit3
919 1048 1070 1091 reliquos
1093 1048 1273 1081 tormentis
1296 1048 1441 1081 diversis
1463 1047 1625 1086 afficiens,
1648 1047 1742 1080 urbis
1765 1047 1943 1080 stultitiam
1966 1047 2110 1082 sedavit.

528 1144 644 1178 'XIX.
670 1164 709 1168 -—
735 1146 844 1179 Patre
867 1147 955 1188 orbo,
980 1147 1092 1189 gravi
1111 1147 1224 1179 morbo
1247 1147 1297 1179 sic
1317 1146 1445 1178 sublato
1457 1147 1547 1189 filio,

821 1199 880 1232 Ne
901 1200 1040 1241 doleret,
1063 1199 1154 1242 quod
1172 1204 1309 1232 careret
1329 1199 1536 1232 haereditali
1554 1199 1699 1242 gaudio,

733 1252 835 1285 Dz'tat
856 1253 963 1296 prole,
987 1254 1088 1296 quasi
1095 1253 1187 1297 flore
1209 1257 1361 1296 superna
1380 1254 1543 1297 provisio.

821 1306 1098 1349 Impraegnatur
1119 1317 1160 1339 ac
1178 1311 1365 1349 gravatur,
1390 1307 1509 1339 matris
1530 1307 1687 1349 gaudens
1710 1311 1825 1338 uterus

736 1359 948 1391 Intumescit:
972 1359 1088 1403 infans
1109 1360 1231 1392 crescit
1252 1364 1394 1391 naturae
1415 1359 1625 1392 successibus.

824 1411 913 1445 Orat
933 1415 1046 1456 pater,
1068 1412 1128 1445 sed
1148 1417 1183 1445 et
1204 1417 1323 1454 mater,
1347 1412 1469 1454 Deum,
1493 1417 1531 1445 ut
1551 1413 1597 1445 sit
1625 1412 1798 1445 masculus.

734 1467 863 1510 Implet
884 1471 963 1498 vota
975 1465 1100 1509 forma
1122 1470 1203 1505 tota,
1227 1466 1305 1498 dum
1327 1477 1440 1498 semen
1462 1466 1634 1509 coagulat.

823 1520 886 1552 Fit
906 1524 1031 1554 natura
1042 1521 1123 1563 jam
1145 1530 1263 1552 secura
1286 1519 1383 1561 infra
1405 1520 1527 1552 matris
1549 1520 1706 1552 viscera!

735 1574 856 1607 Nonus
878 1575 999 1606 mensis
1020 1577 1082 1617 spe
1104 1573 1280 1616 suspensis,
1302 1573 1352 1605 sic
1374 1576 1496 1616 partus
1523 1573 1702 1606 accelerat.

823 1627 948 1672 Infans
969 1627 1091 1671 prodit
1097 1639 1109 1670 ;
1130 1627 1239 1658 nullus
1261 1627 1350 1659 odit:
1364 1627 1413 1670 fit
1435 1627 1561 1659 cunctis
1584 1627 1727 1660 laetitia.

738 1681 940 1714 Obstetrices
961 1685 1038 1714 sunt
1049 1679 1176 1724 felices
1198 1680 1246 1712 ad
1264 1681 1370 1712 maris
1392 1680 1526 1712 inditia.

822 1735 1010 1768 Nuntiatus
1030 1737 1121 1778 puer
1142 1738 1240 1765 natus
1261 1744 1347 1765 nova
1367 1737 1527 1777 praestat
1555 1734 1714 1776 gaudia!

734 1789 851 1821 Mater
873 1788 977 1830 audit,
1001 1789 1088 1820 unde
1107 1788 1254 1832 plaudit,
1275 1788 1316 1828 fit
1337 1788 1462 1820 doloris
1483 1789 1596 1820 nescia
1602 1800 1614 1831 ‚-

822 1841 1043 1875 Festinatur:
1066 1842 1245 1874 nuntiatur
1266 1841 1349 1873 haec
1368 1842 1471 1884 patri
1489 1841 1646 1874 laetitia!

735 1895 811 1937 ..Qui
829 1895 1044 1939 congaudens
1065 1899 1166 1938 atque
1185 1894 1362 1938 plaudens,
1386 1895 1488 1927 thura
1510 1898 1651 1938 precum
1676 1895 1812 1928 coelitus

818 1947 978 1993 Supplex
999 1949 1077 1981 litat
1097 1952 1197 1991 atque
1221 1947 1311 1980 ditat
1331 1948 1486 1990 legatum
1511 1948 1710 1982 muneribus.

734 2002 850 2035 Plura
860 2002 970 2045 jubet,
991 2005 1101 2045 prout
1122 2001 1222 2039 lubet,
1246 2000 1381 2044 largiri
1402 2001 1623 2044 pauperibus.

819 2055 931 2088 Dolor
951 2055 1078 2095 mortis,
1098 2054 1233 2097 gravis,
1248 2054 1369 2098 fortis,
1386 2055 1463 2097 jam
1485 2055 1611 2087 sublati
1619 2055 1695 2098 filii

734 2106 789 2140 Sit
809 2108 930 2140 lenitus
951 2111 986 2140 et
1006 2107 1125 2140 oblitus
1146 2110 1208 2150 spe
1230 2108 1397 2139 nascentis
1418 2108 1557 2151 gaudii.

818 2160 944 2199 Simon,
957 2158 1060 2204 fonte
1078 2160 1193 2203 pictus
1206 2158 1328 2202 fronte
1350 2162 1540 2193 inunctione
1562 2161 1762 2204 chrismatis,

733 2214 976 2247 Haeredatur:
998 2214 1165 2246 solidatur
1187 2214 1259 2246 dux
1271 2213 1420 2257 futurus
1442 2214 1575 2246 siculus.

824 2267 1041 2300 Calabrenses
1061 2278 1135 2300 suos
1157 2277 1249 2300 enses
1270 2267 1338 2299 sibi
1356 2270 1477 2311 optant
1499 2268 1592 2301 adici

733 2322 846 2355 Pater
867 2325 972 2354 totum
994 2320 1115 2364 implet
1135 2324 1258 2359 votum,
1282 2321 1360 2353 dum
1384 2322 1535 2354 concedit
1554 2322 1642 2362 fieri.

449 2421 530 2454 XX.
554 2438 597 2445 —
619 2419 729 2453 Porro
755 2419 825 2452 dux
851 2418 1035 2462 Rogerius,
1065 2428 1207 2451 uxorem
1239 2418 1371 2451 habens
1401 2419 1602 2461 praeclarae
1633 2419 1831 2458 nobilitatis,
1861 2425 2001 2462 neptem
2031 2419 2196 2454 videlicet

359 2476 571 2508 Francorum
592 2473 684 2517 regis
705 2471 871 2515 Philippi,
893 2471 999 2504 filiam
1023 2471 1284 2504 Flandrensium
1309 2471 1518 2504 marchionis
1548 2472 1706 2510 Roberti,
1738 2482 1840 2515 quem
1870 2473 2018 2506 Frisium
2040 2472 2196 2516 appella-

447 2595 472 2619 4.
492 2588 590 2611 nostro
608 2586 705 2619 generi
724 2581 846 2617 invisos]
866 2584 1002 2615 quantum
1022 2584 1052 2607 in
1072 2591 1123 2608 usu
1143 2583 1205 2608 BD
1224 2597 1256 2601 —
1278 2589 1301 2615 5.
1322 2585 1460 2615 moerore]
1479 2585 1576 2609 dolore
1595 2585 1658 2609 BD
1676 2598 1709 2602 —-
1733 2584 1789 2617 6—7.
1814 2585 1950 2610 Tralnam
1975 2592 2025 2617 per
2048 2586 2139 2610 totam
2166 2584 2194 2610 S.

360 2629 488 2653 Nlccolai
514 2629 543 2654 P
558 2641 593 2646 —-
617 2635 642 2660 9.
667 2627 820 2659 Peutargae
838 2626 867 2653 Ρ
882 2638 915 2644 -
943 2631 983 2651 12.
1002 2632 1018 2650 a
1036 2627 1099 2651 tota
1118 2626 1184 2651 BD
1200 2639 1235 2644 -
1256 2633 1295 2658 14.
1315 2626 1393 2651 sedat
1411 2627 1439 2652 P
1454 2640 1487 2644 —
1508 2634 1548 2659 15.
1568 2626 1662 2658 Patre]
1681 2627 1772 2652 Matre
1795 2627 1818 2652 C
1834 2641 1866 2645 —
1887 2626 1928 2653 16.
1947 2626 2001 2660 Ne]
2019 2627 2094 2653 unde
2118 2627 2141 2652 Ρ
2157 2641 2190 2645 -

361 2669 400 2695 18.
418 2670 523 2704 gaudes
542 2670 571 2695 P
587 2683 620 2688 —
638 2676 682 2695 22.
699 2667 764 2694 Fiat
781 2669 811 2694 P
825 2681 860 2686 —
879 2674 922 2701 25.
941 2667 977 2692 ad
989 2668 1076 2692 maris
1095 2665 1212 2701 inditia}
1232 2675 1247 2692 a
1267 2669 1366 2693 matris
1386 2668 1498 2693 laetitia
1517 2670 1545 2694 P
1562 2683 1594 2688 —
1614 2676 1656 2702 ²9·
1675 2671 1740 2694 tura
1758 2670 1787 2695 P
1803 2682 1836 2688 —-
1854 2677 1899 2701 31.
1917 2668 2006 2701 lubet]
2026 2669 2099 2694 liber
2120 2669 2144 2694 C
2161 2683 2192 2688 —

358 2718 401 2744 33.
419 2712 449 2738 fit
467 2713 573 2737 lucitus
592 2713 620 2736 P
635 2725 643 2730 -
660 2711 793 2745 gaudium
812 2710 841 2735 P
857 2724 889 2728 -
909 2714 953 2742 37.
972 2710 1037 2735 dum
1057 2707 1199 2743 concedit]
1218 2709 1285 2734 Dux
1304 2711 1443 2735 concessit
1462 2711 1490 2736 P
1506 2725 1538 2728 —
1558 2710 1600 2743 38.
1619 2709 1770 2745 Rogerius]
1790 2713 1918 2744 egregius
1936 2711 2001 2736 BD

447 2809 455 2826 ¹
474 2810 603 2835 Secondo
622 2810 643 2834 il
663 2809 847 2842 Necrologtuu·
864 2808 1095 2838 Pauor-altanum,
1114 2808 1156 2832 ed.
1170 2808 1251 2832 Wm-
1303 2811 1370 2842 gata
1383 2810 1411 2833 di
1427 2809 1559 2839 Catianis,
1574 2810 1675 2834 risulta
1690 2810 1740 2834 che
1754 2812 1783 2834 in
1798 2809 1971 2842 quell’epoca
1984 2810 2040 2842 egli
2054 2817 2101 2834 era
2113 2815 2198 2834 anco-

359 2858 516 2883 xnufflum,
535 2854 564 2876 in
584 2852 844 2884 Forschungen
870 2857 931 2875 zur
955 2850 1077 2875 deuts.
1104 2849 1249 2882 Gesch.,
1304 2859 1335 2876 ra
1354 2852 1478 2876 vivente.

358 2894 416 2919 vol.
435 2894 535 2925 xvm‚
554 2902 580 2926 p.
600 2893 661 2927 476,
680 2892 829 2918 Glordano
847 2892 960 2918 sarebbe
978 2893 1071 2917 morto
1091 2892 1113 2916 11
1142 2891 1174 2916 18
1200 2894 1252 2917 set·
1394 2891 1406 2907 ²
1422 2892 1580 2924 Pantnlica,
1601 2893 1724 2926 bagnata
1743 2893 1918 2927 dall'Anapo
1937 2907 1970 2911 —
1990 2893 2011 2917 il
2029 2891 2197 2918 Hah-Ben-

357 2936 462 2960 tembre
482 2936 526 2960 del
547 2943 623 2969 1091.
659 2936 706 2961 Ma
725 2935 772 2961 dal
793 2934 921 2968 diploma
939 2934 984 2960 del
1008 2933 1042 2958 26
1067 2934 1157 2967 aprile
1184 2941 1249 2967 1092
1304 2937 1384 2968 targa
1396 2934 1426 2960 di
1440 2935 1536 2960 Edrisl
1551 2949 1593 2967 —,
1607 2936 1638 2960 fu
1650 2943 1707 2961 una
1720 2934 1792 2961 cltttz
1805 2935 1884 2969 (oggi
1897 2935 2070 2968 scomparsa)
2083 2934 2196 2960 eh’ebbe

359 2976 463 3009 (Kana,
481 2979 533 3002 Die
556 2978 702 3003 Urkunden
720 2985 768 3003 ecc.
788 2979 846 3009 cit„
865 2985 890 3010 p.
913 2977 965 3010 14),
984 2983 1039 3002 con
1058 2978 1102 3001 cui
1124 2976 1145 3001 11
1169 2979 1251 3001 conte
1306 2984 1362 3002 una
1387 2979 1462 3002 certa
1489 2979 1666 3011 importsnza
1691 2979 1736 3003 nel
1763 2978 1858 3003 secolo
1878 2977 1938 3003 xn.
1976 2977 2021 3003 Cf.
2047 2977 2149 3007 Pmo,
2174 2975 2196 3008 1,
2225 2983 2256 3010 ις
2289 2990 2291 3015 j

2275 2714 2295 2743 xil

2271 2747 2294 2772 §Xy

2272 2811 2284 2864 Ξ

2269 2866 2292 2903 ‘ix
