<?xml version="1.0" encoding="UTF-8"?>
<!DOCTYPE html PUBLIC "-//W3C//DTD XHTML 1.0 Transitional//EN"
    "http://www.w3.org/TR/xhtml1/DTD/xhtml1-transitional.dtd">
<html xmlns="http://www.w3.org/1999/xhtml" xml:lang="en" lang="en">
 <head>
  <title>
</title>
<meta http-equiv="Content-Type" content="text/html;charset=utf-8" />
  <meta name='ocr-system' content='tesseract 3.04.00' />
  <meta name='ocr-capabilities' content='ocr_page ocr_carea ocr_par ocr_line ocrx_word'/>
</head>
<body>
  <div class='ocr_page' id='page_1' title='image "./rerumitalicarums51murauoft_0017.png"; bbox 0 0 2358 3502; ppageno 0'>
   <div class='ocr_carea' id='block_1_1' title="bbox 0 0 237 3502">
    <p class='ocr_par' dir='ltr' id='par_1_1' title="bbox 0 0 237 3502">
     <span class='ocr_line' id='line_1_1' title="bbox 0 0 237 654; baseline 0 -207"><span class='ocrx_word' id='word_1_1' title='bbox 0 0 237 654; x_wconf 95' lang='lat' dir='ltr'><strong>    </strong></span> 
     </span>
     <span class='ocr_line' id='line_1_2' title="bbox 0 654 72 1434; baseline 0 -234"><span class='ocrx_word' id='word_1_2' title='bbox 0 654 72 1434; x_wconf 95' lang='lat' dir='ltr'><strong>     </strong></span> 
     </span>
     <span class='ocr_line' id='line_1_3' title="bbox 0 1434 109 3502; baseline 0 -1613"><span class='ocrx_word' id='word_1_3' title='bbox 0 1434 109 3502; x_wconf 95' lang='lat' dir='ltr'><strong>    </strong></span> 
     </span>
    </p>
   </div>
   <div class='ocr_carea' id='block_1_2' title="bbox 54 603 983 1146">
    <p class='ocr_par' dir='ltr' id='par_1_2' title="bbox 35 603 980 651">
     <span class='ocr_line' id='line_1_4' title="bbox 57 603 980 651; baseline -0.003 -18.07"><span class='ocrx_word' id='word_1_4' title='bbox 57 603 280 651; x_wconf 44' lang='grc' dir='ltr'><strong>ζ’θαιιῑιιῐοιοθι</strong></span> <span class='ocrx_word' id='word_1_5' title='bbox 293 607 406 638; x_wconf 83' lang='lat' dir='ltr'>antiqui</span> <span class='ocrx_word' id='word_1_6' title='bbox 420 607 558 638; x_wconf 85' lang='lat' dir='ltr'><strong>quatuor:</strong></span> <span class='ocrx_word' id='word_1_7' title='bbox 572 606 763 638; x_wconf 74' lang='lat' dir='ltr'><strong>Herempmus</strong></span> <span class='ocrx_word' id='word_1_8' title='bbox 779 605 980 638; x_wconf 68' lang='lat' dir='ltr'><strong>langubardus.</strong></span> 
     </span>
    </p>

    <p class='ocr_par' dir='ltr' id='par_1_3' title="bbox 54 635 983 1146">
     <span class='ocr_line' id='line_1_5' title="bbox 54 635 983 681; baseline -0.001 -7"><span class='ocrx_word' id='word_1_9' title='bbox 54 635 78 666; x_wconf 40' lang='grc' dir='ltr'><strong>(ἶ</strong></span> <span class='ocrx_word' id='word_1_10' title='bbox 148 649 245 681; x_wconf 70' lang='lat' dir='ltr'><strong>Lupus</strong></span> <span class='ocrx_word' id='word_1_11' title='bbox 262 648 428 680; x_wconf 70' lang='lat' dir='ltr'><em>protospata.</em></span> <span class='ocrx_word' id='word_1_12' title='bbox 447 649 604 678; x_wconf 74' lang='lat' dir='ltr'><strong>Anonymus</strong></span> <span class='ocrx_word' id='word_1_13' title='bbox 625 648 785 673; x_wconf 76' lang='lat' dir='ltr'><strong>Casinensis.</strong></span> <span class='ocrx_word' id='word_1_14' title='bbox 803 649 883 673; x_wconf 80' lang='lat' dir='ltr'><em>Falco</em></span> <span class='ocrx_word' id='word_1_15' title='bbox 901 649 983 673; x_wconf 73' lang='lat' dir='ltr'><strong>Bene-</strong></span> 
     </span>
     <span class='ocr_line' id='line_1_6' title="bbox 148 690 983 724; baseline -0.001 -8"><span class='ocrx_word' id='word_1_16' title='bbox 148 694 278 716; x_wconf 66' lang='lat' dir='ltr'><strong>venum</strong></span> <span class='ocrx_word' id='word_1_17' title='bbox 296 698 361 715; x_wconf 87' lang='lat' dir='ltr'><strong>cum</strong></span> <span class='ocrx_word' id='word_1_18' title='bbox 373 691 581 724; x_wconf 78' lang='lat' dir='ltr'>appendicibus</span> <span class='ocrx_word' id='word_1_19' title='bbox 593 690 764 719; x_wconf 84' lang='lat' dir='ltr'><strong>Historicis·</strong></span> <span class='ocrx_word' id='word_1_20' title='bbox 779 691 812 715; x_wconf 82' lang='lat' dir='ltr'><strong>ab</strong></span> <span class='ocrx_word' id='word_1_21' title='bbox 825 691 872 716; x_wconf 86' lang='lat' dir='ltr'><strong>his</strong></span> <span class='ocrx_word' id='word_1_22' title='bbox 886 692 983 716; x_wconf 86' lang='lat' dir='ltr'><strong>variae</strong></span> 
     </span>
     <span class='ocr_line' id='line_1_7' title="bbox 149 733 983 767; baseline -0.001 -9"><span class='ocrx_word' id='word_1_23' title='bbox 149 735 312 758; x_wconf 82' lang='lat' dir='ltr'><strong>exterarum</strong></span> <span class='ocrx_word' id='word_1_24' title='bbox 330 734 460 767; x_wconf 88' lang='lat' dir='ltr'><strong>gentium</strong></span> <span class='ocrx_word' id='word_1_25' title='bbox 487 734 517 757; x_wconf 93' lang='lat' dir='ltr'><strong>in</strong></span> <span class='ocrx_word' id='word_1_26' title='bbox 540 733 767 765; x_wconf 87' lang='lat' dir='ltr'><strong>Neapolitanum</strong></span> <span class='ocrx_word' id='word_1_27' title='bbox 793 733 924 766; x_wconf 85' lang='lat' dir='ltr'>Regnum</span> <span class='ocrx_word' id='word_1_28' title='bbox 944 734 983 758; x_wconf 90' lang='lat' dir='ltr'><strong>ir-</strong></span> 
     </span>
     <span class='ocr_line' id='line_1_8' title="bbox 150 776 982 809; baseline 0 -8"><span class='ocrx_word' id='word_1_29' title='bbox 150 777 309 809; x_wconf 87' lang='lat' dir='ltr'><strong>ruptiones,</strong></span> <span class='ocrx_word' id='word_1_30' title='bbox 328 776 450 809; x_wconf 82' lang='lat' dir='ltr'><strong>proelia,</strong></span> <span class='ocrx_word' id='word_1_31' title='bbox 467 777 496 800; x_wconf 84' lang='lat' dir='ltr'><strong>et</strong></span> <span class='ocrx_word' id='word_1_32' title='bbox 515 776 624 806; x_wconf 86' lang='lat' dir='ltr'><strong>illatae,</strong></span> <span class='ocrx_word' id='word_1_33' title='bbox 648 778 699 801; x_wconf 88' lang='lat' dir='ltr'><strong>aut</strong></span> <span class='ocrx_word' id='word_1_34' title='bbox 721 777 856 809; x_wconf 75' lang='lat' dir='ltr'>exceptae</span> <span class='ocrx_word' id='word_1_35' title='bbox 878 776 982 805; x_wconf 84' lang='lat' dir='ltr'><strong>clades.</strong></span> 
     </span>
     <span class='ocr_line' id='line_1_9' title="bbox 149 816 983 851; baseline -0.001 -7"><span class='ocrx_word' id='word_1_36' title='bbox 149 819 274 849; x_wconf 84' lang='lat' dir='ltr'><strong>brevius,</strong></span> <span class='ocrx_word' id='word_1_37' title='bbox 293 819 394 850; x_wconf 78' lang='lat' dir='ltr'><strong>fusius,</strong></span> <span class='ocrx_word' id='word_1_38' title='bbox 415 819 528 843; x_wconf 88' lang='lat' dir='ltr'><strong>inculto</strong></span> <span class='ocrx_word' id='word_1_39' title='bbox 547 818 670 851; x_wconf 85' lang='lat' dir='ltr'><strong>quidem,</strong></span> <span class='ocrx_word' id='word_1_40' title='bbox 691 816 886 843; x_wconf 79' lang='lat' dir='ltr'><strong>sed‘veridico</strong></span> <span class='ocrx_word' id='word_1_41' title='bbox 906 818 983 850; x_wconf 83' lang='lat' dir='ltr'><strong>stylo</strong></span> 
     </span>
     <span class='ocr_line' id='line_1_10' title="bbox 149 860 983 895; baseline -0.001 -9"><span class='ocrx_word' id='word_1_42' title='bbox 149 861 358 887; x_wconf 80' lang='lat' dir='ltr'><strong>describuntur.</strong></span> <span class='ocrx_word' id='word_1_43' title='bbox 378 860 481 895; x_wconf 82' lang='lat' dir='ltr'>Opera,</span> <span class='ocrx_word' id='word_1_44' title='bbox 501 869 532 886; x_wconf 80' lang='lat' dir='ltr'><strong>ac</strong></span> <span class='ocrx_word' id='word_1_45' title='bbox 545 861 642 886; x_wconf 88' lang='lat' dir='ltr'><strong>studio</strong></span> <span class='ocrx_word' id='word_1_46' title='bbox 656 861 773 885; x_wconf 71' lang='lat' dir='ltr'><strong>Antonii</strong></span> <span class='ocrx_word' id='word_1_47' title='bbox 787 861 937 886; x_wconf 77' lang='lat' dir='ltr'><strong>Caraccioli</strong></span> <span class='ocrx_word' id='word_1_48' title='bbox 947 867 983 885; x_wconf 85' lang='lat' dir='ltr'><strong>ex</strong></span> 
     </span>
     <span class='ocr_line' id='line_1_11' title="bbox 148 901 981 937; baseline -0.002 -9"><span class='ocrx_word' id='word_1_49' title='bbox 148 902 257 929; x_wconf 83' lang='lat' dir='ltr'>Ordine</span> <span class='ocrx_word' id='word_1_50' title='bbox 276 902 351 929; x_wconf 91' lang='lat' dir='ltr'><strong>Cler.</strong></span> <span class='ocrx_word' id='word_1_51' title='bbox 370 903 471 937; x_wconf 87' lang='lat' dir='ltr'><strong>Regul.</strong></span> <span class='ocrx_word' id='word_1_52' title='bbox 485 903 660 935; x_wconf 83' lang='lat' dir='ltr'><strong>Presbyteri;</strong></span> <span class='ocrx_word' id='word_1_53' title='bbox 674 901 732 932; x_wconf 91' lang='lat' dir='ltr'><strong>Qui</strong></span> <span class='ocrx_word' id='word_1_54' title='bbox 746 902 981 933; x_wconf 77' lang='lat' dir='ltr'><strong>Nomenclatorem,</strong></span> 
     </span>
     <span class='ocr_line' id='line_1_12' title="bbox 148 944 983 979; baseline -0.005 -7"><span class='ocrx_word' id='word_1_55' title='bbox 148 949 175 972; x_wconf 70' lang='lat' dir='ltr'><strong>et</strong></span> <span class='ocrx_word' id='word_1_56' title='bbox 191 947 331 979; x_wconf 64' lang='lat' dir='ltr'><strong>stopylea,</strong></span> <span class='ocrx_word' id='word_1_57' title='bbox 350 948 383 971; x_wconf 94' lang='lat' dir='ltr'><strong>ut</strong></span> <span class='ocrx_word' id='word_1_58' title='bbox 402 947 493 971; x_wconf 86' lang='lat' dir='ltr'><strong>vicem</strong></span> <span class='ocrx_word' id='word_1_59' title='bbox 519 945 729 971; x_wconf 86' lang='lat' dir='ltr'><strong>Commentarii</strong></span> <span class='ocrx_word' id='word_1_60' title='bbox 756 946 875 970; x_wconf 80' lang='lat' dir='ltr'>subeant</span> <span class='ocrx_word' id='word_1_61' title='bbox 893 944 983 977; x_wconf 84' lang='lat' dir='ltr'>Operi</span> 
     </span>
     <span class='ocr_line' id='line_1_13' title="bbox 150 988 982 1021; baseline -0.004 -7"><span class='ocrx_word' id='word_1_62' title='bbox 150 989 274 1014; x_wconf 80' lang='lat' dir='ltr'><strong>addidit.</strong></span> <span class='ocrx_word' id='word_1_63' title='bbox 310 990 393 1014; x_wconf 86' lang='lat' dir='ltr'><strong>Nunc</strong></span> <span class='ocrx_word' id='word_1_64' title='bbox 411 996 480 1014; x_wconf 82' lang='lat' dir='ltr'><strong>vero</strong></span> <span class='ocrx_word' id='word_1_65' title='bbox 499 989 531 1013; x_wconf 88' lang='lat' dir='ltr'><strong>in</strong></span> <span class='ocrx_word' id='word_1_66' title='bbox 550 989 694 1021; x_wconf 81' lang='lat' dir='ltr'><strong>praesenti</strong></span> <span class='ocrx_word' id='word_1_67' title='bbox 707 988 845 1013; x_wconf 88' lang='lat' dir='ltr'><strong>Editione</strong></span> <span class='ocrx_word' id='word_1_68' title='bbox 857 989 982 1021; x_wconf 68' lang='lat' dir='ltr'><strong>iungun-</strong></span> 
     </span>
     <span class='ocr_line' id='line_1_14' title="bbox 147 1029 982 1064; baseline -0.005 -7"><span class='ocrx_word' id='word_1_69' title='bbox 147 1033 195 1057; x_wconf 84' lang='lat' dir='ltr'><strong>tur</strong></span> <span class='ocrx_word' id='word_1_70' title='bbox 215 1031 432 1064; x_wconf 76' lang='lat' dir='ltr'><strong>castigationes</strong></span> <span class='ocrx_word' id='word_1_71' title='bbox 455 1031 567 1055; x_wconf 69' lang='lat' dir='ltr'><strong>Camilli</strong></span> <span class='ocrx_word' id='word_1_72' title='bbox 581 1030 748 1064; x_wconf 65' lang='lat' dir='ltr'><strong>Perepn&#39;m&#39;i,</strong></span> <span class='ocrx_word' id='word_1_73' title='bbox 767 1037 824 1054; x_wconf 89' lang='lat' dir='ltr'><strong>una</strong></span> <span class='ocrx_word' id='word_1_74' title='bbox 838 1036 900 1054; x_wconf 91' lang='lat' dir='ltr'><strong>cum</strong></span> <span class='ocrx_word' id='word_1_75' title='bbox 914 1029 982 1054; x_wconf 86' lang='lat' dir='ltr'><strong>aliis</strong></span> 
     </span>
     <span class='ocr_line' id='line_1_15' title="bbox 151 1070 981 1107; baseline -0.004 -8"><span class='ocrx_word' id='word_1_76' title='bbox 151 1074 266 1107; x_wconf 78' lang='lat' dir='ltr'><strong>nuperis</strong></span> <span class='ocrx_word' id='word_1_77' title='bbox 285 1074 500 1103; x_wconf 76' lang='lat' dir='ltr'><strong>additamentis,</strong></span> <span class='ocrx_word' id='word_1_78' title='bbox 519 1080 552 1098; x_wconf 79' lang='lat' dir='ltr'><strong>ac</strong></span> <span class='ocrx_word' id='word_1_79' title='bbox 571 1072 778 1106; x_wconf 76' lang='lat' dir='ltr'><strong>supplementis</strong></span> <span class='ocrx_word' id='word_1_80' title='bbox 797 1080 833 1096; x_wconf 86' lang='lat' dir='ltr'><strong>ex</strong></span> <span class='ocrx_word' id='word_1_81' title='bbox 852 1071 912 1096; x_wconf 89' lang='lat' dir='ltr'><strong>MS.</strong></span> <span class='ocrx_word' id='word_1_82' title='bbox 926 1070 981 1096; x_wconf 87' lang='lat' dir='ltr'><strong>Co-</strong></span> 
     </span>
     <span class='ocr_line' id='line_1_16' title="bbox 151 1115 979 1146; baseline -0.004 -5"><span class='ocrx_word' id='word_1_83' title='bbox 151 1116 214 1142; x_wconf 84' lang='lat' dir='ltr'><strong>dice</strong></span> <span class='ocrx_word' id='word_1_84' title='bbox 235 1115 387 1142; x_wconf 79' lang='lat' dir='ltr'><strong>Caslnensi</strong></span> <span class='ocrx_word' id='word_1_85' title='bbox 917 1121 944 1146; x_wconf 90' lang='lat' dir='ltr'><strong>p.</strong></span> <span class='ocrx_word' id='word_1_86' title='bbox 968 1120 979 1138; x_wconf 91' lang='lat'>1</span> 
     </span>
    </p>
   </div>
   <div class='ocr_carea' id='block_1_3' title="bbox 24 1181 982 1303">
    <p class='ocr_par' dir='ltr' id='par_1_4' title="bbox 24 1181 982 1303">
     <span class='ocr_line' id='line_1_17' title="bbox 24 1181 980 1218; baseline -0.005 -7"><span class='ocrx_word' id='word_1_87' title='bbox 24 1181 33 1205; x_wconf 65' lang='lat'><strong>³1</strong></span> <span class='ocrx_word' id='word_1_88' title='bbox 79 1185 263 1211; x_wconf 67' lang='lat' dir='ltr'><strong>Ci-momcou</strong></span> <span class='ocrx_word' id='word_1_89' title='bbox 280 1186 420 1218; x_wconf 73' lang='lat' dir='ltr'><strong>Anonymi</strong></span> <span class='ocrx_word' id='word_1_90' title='bbox 439 1185 591 1210; x_wconf 71' lang='lat' dir='ltr'><strong>casinensis</strong></span> <span class='ocrx_word' id='word_1_91' title='bbox 609 1191 684 1209; x_wconf 88' lang='lat' dir='ltr'><strong>nunc</strong></span> <span class='ocrx_word' id='word_1_92' title='bbox 703 1183 828 1217; x_wconf 87' lang='lat' dir='ltr'><strong>primum</strong></span> <span class='ocrx_word' id='word_1_93' title='bbox 843 1184 874 1207; x_wconf 88' lang='lat' dir='ltr'><strong>in</strong></span> <span class='ocrx_word' id='word_1_94' title='bbox 888 1183 980 1207; x_wconf 86' lang='lat' dir='ltr'><strong>lucem</strong></span> 
     </span>
     <span class='ocr_line' id='line_1_18' title="bbox 150 1225 982 1262; baseline -0.006 -8"><span class='ocrx_word' id='word_1_95' title='bbox 150 1228 250 1262; x_wconf 89' lang='lat' dir='ltr'><strong>prodit</strong></span> <span class='ocrx_word' id='word_1_96' title='bbox 267 1236 302 1253; x_wconf 85' lang='lat' dir='ltr'><strong>ex</strong></span> <span class='ocrx_word' id='word_1_97' title='bbox 321 1227 380 1253; x_wconf 90' lang='lat' dir='ltr'><strong>MS.</strong></span> <span class='ocrx_word' id='word_1_98' title='bbox 400 1227 508 1253; x_wconf 83' lang='lat' dir='ltr'><strong>Codice</strong></span> <span class='ocrx_word' id='word_1_99' title='bbox 526 1226 724 1251; x_wconf 78' lang='lat' dir='ltr'><strong>Bibliothecae</strong></span> <span class='ocrx_word' id='word_1_100' title='bbox 743 1225 869 1260; x_wconf 80' lang='lat' dir='ltr'><strong>eJ&#39;usdem</strong></span> <span class='ocrx_word' id='word_1_101' title='bbox 885 1225 982 1249; x_wconf 83' lang='lat' dir='ltr'><strong>Mona-</strong></span> 
     </span>
     <span class='ocr_line' id='line_1_19' title="bbox 151 1269 979 1303; baseline -0.005 -7"><span class='ocrx_word' id='word_1_102' title='bbox 151 1271 233 1296; x_wconf 83' lang='lat' dir='ltr'><strong>sterii</strong></span> <span class='ocrx_word' id='word_1_103' title='bbox 252 1272 367 1303; x_wconf 86' lang='lat' dir='ltr'><strong>signato</strong></span> <span class='ocrx_word' id='word_1_104' title='bbox 386 1277 463 1295; x_wconf 88' lang='lat' dir='ltr'><strong>num.</strong></span> <span class='ocrx_word' id='word_1_105' title='bbox 481 1269 524 1299; x_wconf 85' lang='lat'><strong>62,</strong></span> <span class='ocrx_word' id='word_1_106' title='bbox 544 1269 615 1294; x_wconf 84' lang='lat' dir='ltr'><strong>alias</strong></span> <span class='ocrx_word' id='word_1_107' title='bbox 631 1275 710 1294; x_wconf 81' lang='lat'><strong>1020.</strong></span> <span class='ocrx_word' id='word_1_108' title='bbox 747 1287 753 1293; x_wconf 85' lang='lat'><strong>.</strong></span> <span class='ocrx_word' id='word_1_109' title='bbox 791 1285 799 1293; x_wconf 91' lang='lat'><strong>.</strong></span> <span class='ocrx_word' id='word_1_110' title='bbox 837 1286 844 1293; x_wconf 91' lang='lat'><strong>.</strong></span> <span class='ocrx_word' id='word_1_111' title='bbox 881 1275 908 1301; x_wconf 92' lang='lat' dir='ltr'><strong>p.</strong></span> <span class='ocrx_word' id='word_1_112' title='bbox 931 1274 979 1301; x_wconf 81' lang='lat'><strong>135</strong></span> 
     </span>
    </p>
   </div>
   <div class='ocr_carea' id='block_1_4' title="bbox 79 1337 980 1413">
    <p class='ocr_par' dir='ltr' id='par_1_5' title="bbox 79 1337 980 1413">
     <span class='ocr_line' id='line_1_20' title="bbox 79 1337 980 1372; baseline -0.007 -5"><span class='ocrx_word' id='word_1_113' title='bbox 79 1339 262 1366; x_wconf 66' lang='lat' dir='ltr'><strong>Cimomcou</strong></span> <span class='ocrx_word' id='word_1_114' title='bbox 280 1340 375 1372; x_wconf 66' lang='lat' dir='ltr'><strong>Ignoti</strong></span> <span class='ocrx_word' id='word_1_115' title='bbox 389 1340 454 1365; x_wconf 63' lang='lat' dir='ltr'><strong>cubis</strong></span> <span class='ocrx_word' id='word_1_116' title='bbox 471 1339 607 1368; x_wconf 74' lang='lat' dir='ltr'><strong>Bannsts,</strong></span> <span class='ocrx_word' id='word_1_117' title='bbox 626 1339 687 1363; x_wconf 86' lang='lat' dir='ltr'><strong>sive</strong></span> <span class='ocrx_word' id='word_1_118' title='bbox 706 1337 784 1370; x_wconf 75' lang='lat' dir='ltr'><strong>Lupi</strong></span> <span class='ocrx_word' id='word_1_119' title='bbox 802 1338 980 1369; x_wconf 61' lang='lat' dir='ltr'><strong>Proto-spatae,</strong></span> 
     </span>
     <span class='ocr_line' id='line_1_21' title="bbox 149 1381 979 1413; baseline -0.005 -5"><span class='ocrx_word' id='word_1_120' title='bbox 149 1390 212 1408; x_wconf 87' lang='lat' dir='ltr'><strong>cum</strong></span> <span class='ocrx_word' id='word_1_121' title='bbox 230 1382 314 1407; x_wconf 84' lang='lat' dir='ltr'><strong>Notis</strong></span> <span class='ocrx_word' id='word_1_122' title='bbox 338 1381 451 1406; x_wconf 74' lang='lat' dir='ltr'><strong>Camilli</strong></span> <span class='ocrx_word' id='word_1_123' title='bbox 466 1381 622 1413; x_wconf 67' lang='lat' dir='ltr'><strong>stregrint&#39;i</strong></span> <span class='ocrx_word' id='word_1_124' title='bbox 881 1387 909 1413; x_wconf 90' lang='lat' dir='ltr'><strong>p.</strong></span> <span class='ocrx_word' id='word_1_125' title='bbox 930 1384 979 1411; x_wconf 82' lang='lat'><strong>145</strong></span> 
     </span>
    </p>
   </div>
   <div class='ocr_carea' id='block_1_5' title="bbox 79 1448 982 1866">
    <p class='ocr_par' dir='ltr' id='par_1_6' title="bbox 79 1448 982 1866">
     <span class='ocr_line' id='line_1_22' title="bbox 79 1448 981 1478; baseline -0.004 -1"><span class='ocrx_word' id='word_1_126' title='bbox 79 1450 245 1477; x_wconf 65' lang='lat' dir='ltr'><strong>eroiuar.</strong></span> <span class='ocrx_word' id='word_1_127' title='bbox 258 1451 432 1476; x_wconf 69' lang='lat' dir='ltr'><strong>Pamcn’um</strong></span> <span class='ocrx_word' id='word_1_128' title='bbox 442 1451 716 1476; x_wconf 72' lang='lat' dir='ltr'><strong>LONGORARDORUM</strong></span> <span class='ocrx_word' id='word_1_129' title='bbox 727 1449 812 1474; x_wconf 87' lang='lat' dir='ltr'><strong>Liber</strong></span> <span class='ocrx_word' id='word_1_130' title='bbox 825 1448 981 1478; x_wconf 85' lang='lat' dir='ltr'><strong>Secundus,</strong></span> 
     </span>
     <span class='ocr_line' id='line_1_23' title="bbox 150 1492 981 1525; baseline -0.004 -6"><span class='ocrx_word' id='word_1_131' title='bbox 150 1493 200 1525; x_wconf 83' lang='lat' dir='ltr'><strong>qul</strong></span> <span class='ocrx_word' id='word_1_132' title='bbox 213 1494 343 1518; x_wconf 87' lang='lat' dir='ltr'><strong>continet</strong></span> <span class='ocrx_word' id='word_1_133' title='bbox 355 1493 583 1518; x_wconf 87' lang='lat' dir='ltr'><strong>Dissertationes</strong></span> <span class='ocrx_word' id='word_1_134' title='bbox 597 1493 630 1517; x_wconf 91' lang='lat' dir='ltr'><strong>de</strong></span> <span class='ocrx_word' id='word_1_135' title='bbox 642 1492 841 1522; x_wconf 86' lang='lat' dir='ltr'><strong>Institutlone,</strong></span> <span class='ocrx_word' id='word_1_136' title='bbox 851 1492 981 1521; x_wconf 86' lang='lat' dir='ltr'><strong>Finibus,</strong></span> 
     </span>
     <span class='ocr_line' id='line_1_24' title="bbox 149 1534 980 1568; baseline -0.002 -8"><span class='ocrx_word' id='word_1_137' title='bbox 149 1537 179 1560; x_wconf 89' lang='lat' dir='ltr'><strong>et</strong></span> <span class='ocrx_word' id='word_1_138' title='bbox 196 1535 399 1568; x_wconf 84' lang='lat' dir='ltr'><strong>Descriptione</strong></span> <span class='ocrx_word' id='word_1_139' title='bbox 418 1535 530 1567; x_wconf 82' lang='lat' dir='ltr'><strong>antiqui</strong></span> <span class='ocrx_word' id='word_1_140' title='bbox 551 1534 678 1559; x_wconf 85' lang='lat' dir='ltr'><strong>Ducatus</strong></span> <span class='ocrx_word' id='word_1_141' title='bbox 703 1534 909 1565; x_wconf 86' lang='lat' dir='ltr'><strong>Beneventani,</strong></span> <span class='ocrx_word' id='word_1_142' title='bbox 935 1534 980 1558; x_wconf 90' lang='lat' dir='ltr'><strong>cui</strong></span> 
     </span>
     <span class='ocr_line' id='line_1_25' title="bbox 149 1576 981 1611; baseline -0.002 -9"><span class='ocrx_word' id='word_1_143' title='bbox 149 1576 288 1611; x_wconf 58' lang='lat' dir='ltr'><strong>adficitur</strong></span> <span class='ocrx_word' id='word_1_144' title='bbox 306 1576 399 1602; x_wconf 84' lang='lat' dir='ltr'><strong>Series</strong></span> <span class='ocrx_word' id='word_1_145' title='bbox 418 1577 562 1601; x_wconf 84' lang='lat' dir='ltr'><strong>Abbatum</strong></span> <span class='ocrx_word' id='word_1_146' title='bbox 583 1576 785 1602; x_wconf 85' lang='lat' dir='ltr'><strong>Casinensium</strong></span> <span class='ocrx_word' id='word_1_147' title='bbox 806 1585 821 1601; x_wconf 89' lang='lat' dir='ltr'><strong>a</strong></span> <span class='ocrx_word' id='word_1_148' title='bbox 846 1577 981 1601; x_wconf 85' lang='lat' dir='ltr'><strong>Petrona-</strong></span> 
     </span>
     <span class='ocr_line' id='line_1_26' title="bbox 150 1619 980 1651; baseline -0.001 -7"><span class='ocrx_word' id='word_1_149' title='bbox 150 1621 196 1645; x_wconf 87' lang='lat' dir='ltr'><strong>cio</strong></span> <span class='ocrx_word' id='word_1_150' title='bbox 215 1620 365 1651; x_wconf 65' lang='lat' dir='ltr'><strong>Enniano,</strong></span> <span class='ocrx_word' id='word_1_151' title='bbox 390 1621 418 1644; x_wconf 90' lang='lat' dir='ltr'><strong>et</strong></span> <span class='ocrx_word' id='word_1_152' title='bbox 443 1620 480 1645; x_wconf 87' lang='lat' dir='ltr'><strong>ab</strong></span> <span class='ocrx_word' id='word_1_153' title='bbox 504 1626 584 1644; x_wconf 82' lang='lat' dir='ltr'><strong>anno</strong></span> <span class='ocrx_word' id='word_1_154' title='bbox 610 1619 752 1645; x_wconf 86' lang='lat' dir='ltr'><strong>DCCXX.</strong></span> <span class='ocrx_word' id='word_1_155' title='bbox 777 1620 813 1644; x_wconf 90' lang='lat' dir='ltr'><strong>ad</strong></span> <span class='ocrx_word' id='word_1_156' title='bbox 839 1619 980 1644; x_wconf 87' lang='lat' dir='ltr'><strong>Abbatem</strong></span> 
     </span>
     <span class='ocr_line' id='line_1_27' title="bbox 149 1662 981 1694; baseline -0.001 -6"><span class='ocrx_word' id='word_1_157' title='bbox 149 1662 323 1688; x_wconf 67' lang='lat' dir='ltr'><strong>Ruinaldum</strong></span> <span class='ocrx_word' id='word_1_158' title='bbox 331 1662 580 1694; x_wconf 81' lang='lat' dir='ltr'><strong>Calamentanum,</strong></span> <span class='ocrx_word' id='word_1_159' title='bbox 588 1664 616 1688; x_wconf 92' lang='lat' dir='ltr'><strong>et</strong></span> <span class='ocrx_word' id='word_1_160' title='bbox 623 1662 658 1687; x_wconf 93' lang='lat' dir='ltr'><strong>ad</strong></span> <span class='ocrx_word' id='word_1_161' title='bbox 665 1671 772 1689; x_wconf 81' lang='lat' dir='ltr'><strong>annum</strong></span> <span class='ocrx_word' id='word_1_162' title='bbox 782 1662 981 1688; x_wconf 82' lang='lat' dir='ltr'><strong>Mcxxxvn.</strong></span> 
     </span>
     <span class='ocr_line' id='line_1_28' title="bbox 149 1703 981 1738; baseline 0 -8"><span class='ocrx_word' id='word_1_163' title='bbox 149 1705 270 1730; x_wconf 86' lang='lat' dir='ltr'><strong>Demum</strong></span> <span class='ocrx_word' id='word_1_164' title='bbox 288 1705 516 1731; x_wconf 86' lang='lat' dir='ltr'><strong>Dissertationes</strong></span> <span class='ocrx_word' id='word_1_165' title='bbox 534 1707 600 1738; x_wconf 84' lang='lat' dir='ltr'><strong>tres,</strong></span> <span class='ocrx_word' id='word_1_166' title='bbox 616 1712 716 1738; x_wconf 88' lang='lat' dir='ltr'><strong>nempe</strong></span> <span class='ocrx_word' id='word_1_167' title='bbox 729 1705 764 1730; x_wconf 91' lang='lat' dir='ltr'><strong>de</strong></span> <span class='ocrx_word' id='word_1_168' title='bbox 777 1703 981 1730; x_wconf 85' lang='lat' dir='ltr'><strong>Colimentana</strong></span> 
     </span>
     <span class='ocr_line' id='line_1_29' title="bbox 150 1747 982 1781; baseline 0 -8"><span class='ocrx_word' id='word_1_169' title='bbox 150 1747 282 1779; x_wconf 75' lang='lat' dir='ltr'><strong>Familia,</strong></span> <span class='ocrx_word' id='word_1_170' title='bbox 301 1748 335 1773; x_wconf 88' lang='lat' dir='ltr'><strong>de</strong></span> <span class='ocrx_word' id='word_1_171' title='bbox 354 1748 568 1781; x_wconf 83' lang='lat' dir='ltr'><strong>significatione</strong></span> <span class='ocrx_word' id='word_1_172' title='bbox 588 1748 717 1773; x_wconf 88' lang='lat' dir='ltr'><strong>nominis</strong></span> <span class='ocrx_word' id='word_1_173' title='bbox 736 1747 832 1780; x_wconf 85' lang='lat' dir='ltr'><strong>Porta,</strong></span> <span class='ocrx_word' id='word_1_174' title='bbox 845 1749 875 1773; x_wconf 84' lang='lat' dir='ltr'><strong>et</strong></span> <span class='ocrx_word' id='word_1_175' title='bbox 887 1748 921 1773; x_wconf 87' lang='lat' dir='ltr'><strong>de</strong></span> <span class='ocrx_word' id='word_1_176' title='bbox 936 1755 982 1773; x_wconf 84' lang='lat' dir='ltr'><strong>an-</strong></span> 
     </span>
     <span class='ocr_line' id='line_1_30' title="bbox 149 1790 980 1824; baseline -0.001 -8"><span class='ocrx_word' id='word_1_177' title='bbox 149 1791 233 1824; x_wconf 83' lang='lat' dir='ltr'><strong>tiquo</strong></span> <span class='ocrx_word' id='word_1_178' title='bbox 252 1792 310 1816; x_wconf 86' lang='lat' dir='ltr'><strong>situ</strong></span> <span class='ocrx_word' id='word_1_179' title='bbox 330 1791 409 1816; x_wconf 86' lang='lat' dir='ltr'><strong>urbis</strong></span> <span class='ocrx_word' id='word_1_180' title='bbox 429 1790 553 1824; x_wconf 85' lang='lat' dir='ltr'><strong>Capuae.</strong></span> <span class='ocrx_word' id='word_1_181' title='bbox 572 1791 701 1816; x_wconf 83' lang='lat' dir='ltr'><strong>Auctore</strong></span> <span class='ocrx_word' id='word_1_182' title='bbox 724 1790 836 1816; x_wconf 70' lang='lat' dir='ltr'><strong>Camillo</strong></span> <span class='ocrx_word' id='word_1_183' title='bbox 855 1790 980 1823; x_wconf 74' lang='lat' dir='ltr'><strong>Peregn&#39;-</strong></span> 
     </span>
     <span class='ocr_line' id='line_1_31' title="bbox 149 1833 982 1866; baseline -0.001 -7"><span class='ocrx_word' id='word_1_184' title='bbox 149 1835 193 1859; x_wconf 69' lang='lat' dir='ltr'><strong>nio</strong></span> <span class='ocrx_word' id='word_1_185' title='bbox 210 1833 287 1859; x_wconf 71' lang='lat' dir='ltr'><strong>Alex.</strong></span> <span class='ocrx_word' id='word_1_186' title='bbox 306 1834 360 1859; x_wconf 69' lang='grc' dir='ltr'><strong>ΓΗ.</strong></span> <span class='ocrx_word' id='word_1_187' title='bbox 381 1835 516 1866; x_wconf 76' lang='lat' dir='ltr'><strong>Campano</strong></span> <span class='ocrx_word' id='word_1_188' title='bbox 526 1850 845 1859; x_wconf 89' lang='grc'><em>........</em></span> <span class='ocrx_word' id='word_1_189' title='bbox 882 1841 909 1866; x_wconf 83' lang='lat' dir='ltr'><strong>p.</strong></span> <span class='ocrx_word' id='word_1_190' title='bbox 932 1840 982 1866; x_wconf 85' lang='lat'><strong>159</strong></span> 
     </span>
    </p>
   </div>
   <div class='ocr_carea' id='block_1_6' title="bbox 16 1890 983 2106">
    <p class='ocr_par' dir='ltr' id='par_1_7' title="bbox 16 1890 983 2106">
     <span class='ocr_line' id='line_1_32' title="bbox 16 1890 981 1928; baseline -0.001 0"><span class='ocrx_word' id='word_1_191' title='bbox 16 1890 48 1928; x_wconf 63' lang='lat' dir='ltr'><strong>&#39;&#39;f‘&#39;&#39;</strong></span> <span class='ocrx_word' id='word_1_192' title='bbox 80 1902 232 1928; x_wconf 72' lang='lat' dir='ltr'><strong>Guxutun</strong></span> <span class='ocrx_word' id='word_1_193' title='bbox 251 1902 368 1928; x_wconf 59' lang='lat' dir='ltr'><strong>Arnum</strong></span> <span class='ocrx_word' id='word_1_194' title='bbox 391 1902 555 1927; x_wconf 60' lang='lat' dir='ltr'><strong>Historia-um</strong></span> <span class='ocrx_word' id='word_1_195' title='bbox 574 1903 674 1927; x_wconf 52' lang='lat' dir='ltr'><strong>Poenus</strong></span> <span class='ocrx_word' id='word_1_196' title='bbox 687 1902 722 1927; x_wconf 91' lang='lat' dir='ltr'><strong>de</strong></span> <span class='ocrx_word' id='word_1_197' title='bbox 734 1902 829 1927; x_wconf 85' lang='lat' dir='ltr'><strong>Rebus</strong></span> <span class='ocrx_word' id='word_1_198' title='bbox 842 1902 981 1928; x_wconf 73' lang='lat' dir='ltr'><strong>Nox-man-</strong></span> 
     </span>
     <span class='ocr_line' id='line_1_33' title="bbox 150 1944 982 1978; baseline 0.001 -9"><span class='ocrx_word' id='word_1_199' title='bbox 150 1953 252 1970; x_wconf 84' lang='lat' dir='ltr'><strong>norum</strong></span> <span class='ocrx_word' id='word_1_200' title='bbox 265 1945 297 1970; x_wconf 89' lang='lat' dir='ltr'><strong>in</strong></span> <span class='ocrx_word' id='word_1_201' title='bbox 310 1944 422 1975; x_wconf 89' lang='lat' dir='ltr'><strong>Sicilia,</strong></span> <span class='ocrx_word' id='word_1_202' title='bbox 434 1944 572 1978; x_wconf 76' lang='lat' dir='ltr'><strong>Appulia,</strong></span> <span class='ocrx_word' id='word_1_203' title='bbox 587 1947 616 1970; x_wconf 88' lang='lat' dir='ltr'><strong>et</strong></span> <span class='ocrx_word' id='word_1_204' title='bbox 628 1944 765 1970; x_wconf 79' lang='lat' dir='ltr'><strong>Calabria</strong></span> <span class='ocrx_word' id='word_1_205' title='bbox 777 1945 876 1977; x_wconf 89' lang='lat' dir='ltr'><strong>gestis,</strong></span> <span class='ocrx_word' id='word_1_206' title='bbox 894 1952 982 1978; x_wconf 90' lang='lat' dir='ltr'><strong>usque</strong></span> 
     </span>
     <span class='ocr_line' id='line_1_34' title="bbox 150 1987 982 2020; baseline 0.001 -8"><span class='ocrx_word' id='word_1_207' title='bbox 150 1987 186 2013; x_wconf 71' lang='lat' dir='ltr'><strong>ad</strong></span> <span class='ocrx_word' id='word_1_208' title='bbox 205 1989 326 2012; x_wconf 87' lang='lat' dir='ltr'><strong>mortem</strong></span> <span class='ocrx_word' id='word_1_209' title='bbox 344 1987 463 2012; x_wconf 85' lang='lat' dir='ltr'><strong>Roberti</strong></span> <span class='ocrx_word' id='word_1_210' title='bbox 485 1987 638 2012; x_wconf 88' lang='lat' dir='ltr'><strong>Guiscardi</strong></span> <span class='ocrx_word' id='word_1_211' title='bbox 657 1988 755 2017; x_wconf 83' lang='lat' dir='ltr'><strong>Ducis,</strong></span> <span class='ocrx_word' id='word_1_212' title='bbox 783 1988 920 2020; x_wconf 88' lang='lat' dir='ltr'><strong>scriptum</strong></span> <span class='ocrx_word' id='word_1_213' title='bbox 947 1988 982 2013; x_wconf 81' lang='lat' dir='ltr'><strong>ad</strong></span> 
     </span>
     <span class='ocr_line' id='line_1_35' title="bbox 149 2030 983 2064; baseline 0 -8"><span class='ocrx_word' id='word_1_214' title='bbox 149 2030 242 2056; x_wconf 77' lang='lat' dir='ltr'><strong>filium</strong></span> <span class='ocrx_word' id='word_1_215' title='bbox 254 2031 421 2064; x_wconf 85' lang='lat' dir='ltr'><strong>Rogerium,</strong></span> <span class='ocrx_word' id='word_1_216' title='bbox 434 2038 496 2055; x_wconf 87' lang='lat' dir='ltr'><strong>cum</strong></span> <span class='ocrx_word' id='word_1_217' title='bbox 516 2031 603 2057; x_wconf 84' lang='lat' dir='ltr'><strong>Notis</strong></span> <span class='ocrx_word' id='word_1_218' title='bbox 617 2030 737 2057; x_wconf 78' lang='lat' dir='ltr'><strong>Clariss.</strong></span> <span class='ocrx_word' id='word_1_219' title='bbox 755 2030 890 2056; x_wconf 85' lang='lat' dir='ltr'><strong>Virorum</strong></span> <span class='ocrx_word' id='word_1_220' title='bbox 899 2030 983 2063; x_wconf 77' lang='lat' dir='ltr'><strong>Ioan-</strong></span> 
     </span>
     <span class='ocr_line' id='line_1_36' title="bbox 149 2072 982 2106; baseline 0 -8"><span class='ocrx_word' id='word_1_221' title='bbox 149 2073 193 2098; x_wconf 69' lang='lat' dir='ltr'><strong>ni:</strong></span> <span class='ocrx_word' id='word_1_222' title='bbox 205 2073 344 2105; x_wconf 67' lang='lat' dir='ltr'><strong>uranum,</strong></span> <span class='ocrx_word' id='word_1_223' title='bbox 355 2075 384 2098; x_wconf 88' lang='lat' dir='ltr'><strong>et</strong></span> <span class='ocrx_word' id='word_1_224' title='bbox 396 2072 542 2104; x_wconf 68' lang='lat' dir='ltr'><strong>Godefridi</strong></span> <span class='ocrx_word' id='word_1_225' title='bbox 551 2073 696 2098; x_wconf 69' lang='lat' dir='ltr'><strong>Guiuetmd</strong></span> <span class='ocrx_word' id='word_1_226' title='bbox 705 2074 846 2099; x_wconf 68' lang='lat' dir='ltr'><strong>Letbnim.</strong></span> <span class='ocrx_word' id='word_1_227' title='bbox 884 2081 912 2106; x_wconf 90' lang='lat' dir='ltr'><strong>p.</strong></span> <span class='ocrx_word' id='word_1_228' title='bbox 932 2080 964 2105; x_wconf 83' lang='lat'><strong>²4</strong></span> <span class='ocrx_word' id='word_1_229' title='bbox 968 2079 982 2106; x_wconf 85' lang='lat'>5</span> 
     </span>
    </p>
   </div>
   <div class='ocr_carea' id='block_1_7' title="bbox 20 2132 985 2305">
    <p class='ocr_par' dir='ltr' id='par_1_8' title="bbox 20 2132 985 2305">
     <span class='ocr_line' id='line_1_37' title="bbox 20 2132 983 2170; baseline 0 0"><span class='ocrx_word' id='word_1_230' title='bbox 20 2132 39 2152; x_wconf 41' lang='lat'><strong>&#39;¹³</strong></span> <span class='ocrx_word' id='word_1_231' title='bbox 81 2143 264 2170; x_wconf 71' lang='lat' dir='ltr'><strong>euxomcon</strong></span> <span class='ocrx_word' id='word_1_232' title='bbox 291 2145 375 2170; x_wconf 85' lang='lat' dir='ltr'><strong>breve</strong></span> <span class='ocrx_word' id='word_1_233' title='bbox 402 2145 684 2170; x_wconf 66' lang='lat' dir='ltr'><strong>Nom-immicum</strong></span> <span class='ocrx_word' id='word_1_234' title='bbox 711 2145 746 2170; x_wconf 79' lang='lat' dir='ltr'><strong>ab</strong></span> <span class='ocrx_word' id='word_1_235' title='bbox 773 2152 852 2170; x_wconf 84' lang='lat' dir='ltr'><strong>anno</strong></span> <span class='ocrx_word' id='word_1_236' title='bbox 877 2144 983 2170; x_wconf 87' lang='lat' dir='ltr'><strong>MXLI.</strong></span> 
     </span>
     <span class='ocr_line' id='line_1_38' title="bbox 151 2186 983 2220; baseline 0.001 -9"><span class='ocrx_word' id='word_1_237' title='bbox 151 2193 239 2219; x_wconf 81' lang='lat' dir='ltr'><strong>usque</strong></span> <span class='ocrx_word' id='word_1_238' title='bbox 269 2186 305 2212; x_wconf 86' lang='lat' dir='ltr'><strong>ad</strong></span> <span class='ocrx_word' id='word_1_239' title='bbox 336 2194 443 2212; x_wconf 82' lang='lat' dir='ltr'><strong>annum</strong></span> <span class='ocrx_word' id='word_1_240' title='bbox 472 2186 643 2212; x_wconf 84' lang='lat' dir='ltr'><strong>MLxxxv.</strong></span> <span class='ocrx_word' id='word_1_241' title='bbox 671 2187 799 2212; x_wconf 75' lang='lat' dir='ltr'><strong>Auctore</strong></span> <span class='ocrx_word' id='word_1_242' title='bbox 826 2186 983 2220; x_wconf 86' lang='lat' dir='ltr'><strong>Anonymo</strong></span> 
     </span>
     <span class='ocr_line' id='line_1_39' title="bbox 151 2228 984 2261; baseline 0.002 -9"><span class='ocrx_word' id='word_1_243' title='bbox 151 2235 228 2253; x_wconf 86' lang='lat' dir='ltr'><strong>nunc</strong></span> <span class='ocrx_word' id='word_1_244' title='bbox 246 2230 372 2261; x_wconf 88' lang='lat' dir='ltr'><strong>primum</strong></span> <span class='ocrx_word' id='word_1_245' title='bbox 391 2236 406 2254; x_wconf 90' lang='lat' dir='ltr'><strong>e</strong></span> <span class='ocrx_word' id='word_1_246' title='bbox 424 2228 507 2254; x_wconf 89' lang='lat' dir='ltr'><strong>MSto</strong></span> <span class='ocrx_word' id='word_1_247' title='bbox 533 2228 641 2254; x_wconf 87' lang='lat' dir='ltr'><strong>Codice</strong></span> <span class='ocrx_word' id='word_1_248' title='bbox 666 2229 815 2254; x_wconf 89' lang='lat' dir='ltr'><strong>Neritinae</strong></span> <span class='ocrx_word' id='word_1_249' title='bbox 840 2229 984 2254; x_wconf 78' lang='lat' dir='ltr'><strong>Ecclesiae</strong></span> 
     </span>
     <span class='ocr_line' id='line_1_40' title="bbox 151 2271 985 2305; baseline 0.001 -9"><span class='ocrx_word' id='word_1_250' title='bbox 151 2273 264 2296; x_wconf 84' lang='lat' dir='ltr'><strong>erutum</strong></span> <span class='ocrx_word' id='word_1_251' title='bbox 298 2288 306 2296; x_wconf 88' lang='lat'><strong>.</strong></span> <span class='ocrx_word' id='word_1_252' title='bbox 343 2288 350 2296; x_wconf 95' lang='lat'><strong>.</strong></span> <span class='ocrx_word' id='word_1_253' title='bbox 830 2280 856 2305; x_wconf 80' lang='lat' dir='ltr'><strong>p.</strong></span> <span class='ocrx_word' id='word_1_254' title='bbox 877 2271 929 2305; x_wconf 77' lang='lat'><strong>278</strong></span> <span class='ocrx_word' id='word_1_255' title='bbox 947 2271 985 2305; x_wconf 88' lang='lat'><strong>(1)</strong></span> 
     </span>
    </p>
   </div>
   <div class='ocr_carea' id='block_1_8' title="bbox 19 2334 984 2420">
    <p class='ocr_par' dir='ltr' id='par_1_9' title="bbox 16 2321 984 2420">
     <span class='ocr_line' id='line_1_41' title="bbox 19 2334 984 2376; baseline 0.003 -10.991"><span class='ocrx_word' id='word_1_256' title='bbox 19 2334 42 2376; x_wconf 58' lang='lat'><strong>22</strong></span> <span class='ocrx_word' id='word_1_257' title='bbox 81 2340 184 2368; x_wconf 61' lang='grc' dir='ltr'><strong>(ἕπει-Α</strong></span> <span class='ocrx_word' id='word_1_258' title='bbox 201 2341 362 2368; x_wconf 56' lang='lat' dir='ltr'><strong>Tanaum</strong></span> <span class='ocrx_word' id='word_1_259' title='bbox 379 2343 536 2368; x_wconf 64' lang='lat' dir='ltr'><strong>mecuus</strong></span> <span class='ocrx_word' id='word_1_260' title='bbox 556 2344 586 2368; x_wconf 88' lang='lat' dir='ltr'><strong>in</strong></span> <span class='ocrx_word' id='word_1_261' title='bbox 608 2342 794 2376; x_wconf 81' lang='lat' dir='ltr'><strong>expeditione</strong></span> <span class='ocrx_word' id='word_1_262' title='bbox 818 2343 984 2376; x_wconf 86' lang='lat' dir='ltr'><strong>Hierosoly-</strong></span> 
     </span>
     <span class='ocr_line' id='line_1_42' title="bbox 29 2380 982 2420; baseline 0.002 -11"><span class='ocrx_word' id='word_1_263' title='bbox 29 2380 47 2387; x_wconf 74' lang='grc'>’</span> <span class='ocrx_word' id='word_1_264' title='bbox 152 2385 270 2410; x_wconf 77' lang='lat' dir='ltr'><strong>mitana.</strong></span> <span class='ocrx_word' id='word_1_265' title='bbox 298 2385 426 2410; x_wconf 84' lang='lat' dir='ltr'><strong>Auctore</strong></span> <span class='ocrx_word' id='word_1_266' title='bbox 453 2385 596 2419; x_wconf 63' lang='lat' dir='ltr'><strong>Raaulpho</strong></span> <span class='ocrx_word' id='word_1_267' title='bbox 624 2385 784 2412; x_wconf 65' lang='lat' dir='ltr'><strong>eudon-ensi</strong></span> <span class='ocrx_word' id='word_1_268' title='bbox 812 2387 872 2420; x_wconf 75' lang='lat' dir='ltr'><strong>eJus</strong></span> <span class='ocrx_word' id='word_1_269' title='bbox 900 2386 982 2411; x_wconf 79' lang='lat' dir='ltr'><strong>sami-</strong></span> 
     </span>
    </p>
   </div>
   <div class='ocr_carea' id='block_1_9' title="bbox 151 2426 985 2589">
    <p class='ocr_par' dir='ltr' id='par_1_10' title="bbox 151 2426 985 2589">
     <span class='ocr_line' id='line_1_43' title="bbox 151 2426 984 2460; baseline 0.002 -8"><span class='ocrx_word' id='word_1_270' title='bbox 151 2427 226 2460; x_wconf 78' lang='lat' dir='ltr'><strong>llnri,</strong></span> <span class='ocrx_word' id='word_1_271' title='bbox 247 2435 310 2452; x_wconf 88' lang='lat' dir='ltr'><strong>cum</strong></span> <span class='ocrx_word' id='word_1_272' title='bbox 328 2428 579 2453; x_wconf 88' lang='lat' dir='ltr'><strong>observationibus</strong></span> <span class='ocrx_word' id='word_1_273' title='bbox 599 2426 834 2453; x_wconf 80' lang='lat' dir='ltr'><strong>Clarissimorum</strong></span> <span class='ocrx_word' id='word_1_274' title='bbox 847 2428 984 2454; x_wconf 87' lang='lat' dir='ltr'><strong>Virorum</strong></span> 
     </span>
     <span class='ocr_line' id='line_1_44' title="bbox 151 2469 984 2504; baseline 0.002 -10"><span class='ocrx_word' id='word_1_275' title='bbox 151 2469 292 2495; x_wconf 61' lang='lat' dir='ltr'><strong>&amp;nundi</strong></span> <span class='ocrx_word' id='word_1_276' title='bbox 317 2469 446 2503; x_wconf 73' lang='lat' dir='ltr'><strong>Mortem,</strong></span> <span class='ocrx_word' id='word_1_277' title='bbox 476 2472 504 2496; x_wconf 86' lang='lat' dir='ltr'><strong>et</strong></span> <span class='ocrx_word' id='word_1_278' title='bbox 536 2470 633 2495; x_wconf 68' lang='lat' dir='ltr'><strong>Ursini</strong></span> <span class='ocrx_word' id='word_1_279' title='bbox 656 2471 778 2496; x_wconf 76' lang='lat' dir='ltr'><strong>Dur-and</strong></span> <span class='ocrx_word' id='word_1_280' title='bbox 802 2470 984 2504; x_wconf 83' lang='lat' dir='ltr'><strong>Presbytero·</strong></span> 
     </span>
     <span class='ocr_line' id='line_1_45' title="bbox 153 2511 984 2546; baseline 0.002 -10"><span class='ocrx_word' id='word_1_281' title='bbox 153 2518 215 2536; x_wconf 80' lang='lat' dir='ltr'><strong>rum</strong></span> <span class='ocrx_word' id='word_1_282' title='bbox 232 2511 441 2538; x_wconf 82' lang='lat' dir='ltr'><strong>Monachorum</strong></span> <span class='ocrx_word' id='word_1_283' title='bbox 454 2512 482 2538; x_wconf 85' lang='lat' dir='ltr'><strong>S.</strong></span> <span class='ocrx_word' id='word_1_284' title='bbox 501 2512 650 2538; x_wconf 80' lang='lat' dir='ltr'><strong>Benedicti</strong></span> <span class='ocrx_word' id='word_1_285' title='bbox 670 2520 685 2538; x_wconf 91' lang='lat' dir='ltr'><strong>e</strong></span> <span class='ocrx_word' id='word_1_286' title='bbox 704 2512 938 2546; x_wconf 84' lang='lat' dir='ltr'><strong>Congregatione</strong></span> <span class='ocrx_word' id='word_1_287' title='bbox 957 2512 984 2538; x_wconf 91' lang='lat' dir='ltr'><strong>S.</strong></span> 
     </span>
     <span class='ocr_line' id='line_1_46' title="bbox 153 2553 985 2589; baseline 0.001 -10"><span class='ocrx_word' id='word_1_288' title='bbox 153 2553 245 2579; x_wconf 75' lang='lat' dir='ltr'><strong>Mauri</strong></span> <span class='ocrx_word' id='word_1_289' title='bbox 264 2571 848 2581; x_wconf 89' lang='grc'>..............</span> <span class='ocrx_word' id='word_1_290' title='bbox 885 2563 913 2589; x_wconf 85' lang='lat' dir='ltr'><strong>p.</strong></span> <span class='ocrx_word' id='word_1_291' title='bbox 934 2561 985 2588; x_wconf 86' lang='lat'><strong>279</strong></span> 
     </span>
    </p>
   </div>
   <div class='ocr_carea' id='block_1_10' title="bbox 1765 272 1870 397">
    <p class='ocr_par' dir='ltr' id='par_1_11' title="bbox 1765 272 1870 397">
     <span class='ocr_line' id='line_1_47' title="bbox 1765 272 1870 397; baseline 0 -30"><span class='ocrx_word' id='word_1_292' title='bbox 1765 272 1870 397; x_wconf 60' lang='lat' dir='ltr'><strong>A&gt;</strong></span> 
     </span>
    </p>
   </div>
   <div class='ocr_carea' id='block_1_11' title="bbox 55 471 1154 520">
    <p class='ocr_par' dir='ltr' id='par_1_12' title="bbox 54 451 1154 522">
     <span class='ocr_line' id='line_1_48' title="bbox 55 471 1154 520; baseline 0 -11"><span class='ocrx_word' id='word_1_293' title='bbox 55 476 66 489; x_wconf 99' lang='lat'><strong><em>¹</em></strong></span> <span class='ocrx_word' id='word_1_294' title='bbox 79 471 123 510; x_wconf 90' lang='lat' dir='ltr'><strong>Il</strong></span> <span class='ocrx_word' id='word_1_295' title='bbox 145 471 271 520; x_wconf 77' lang='lat' dir='ltr'><strong>quinto</strong></span> <span class='ocrx_word' id='word_1_296' title='bbox 297 472 436 509; x_wconf 84' lang='lat' dir='ltr'><strong>volume</strong></span> <span class='ocrx_word' id='word_1_297' title='bbox 464 471 714 509; x_wconf 67' lang='lat' dir='ltr'><strong>dell&#39;edizzbne</strong></span> <span class='ocrx_word' id='word_1_298' title='bbox 732 473 908 520; x_wconf 80' lang='lat' dir='ltr'><strong>palatina</strong></span> <span class='ocrx_word' id='word_1_299' title='bbox 935 477 1126 509; x_wconf 79' lang='lat' dir='ltr'><strong>conteneva</strong></span> <span class='ocrx_word' id='word_1_300' title='bbox 1140 487 1154 508; x_wconf 93' lang='grc'><strong>.·</strong></span> 
     </span>
    </p>
   </div>
   <div class='ocr_carea' id='block_1_12' title="bbox 1034 607 1944 1065">
    <p class='ocr_par' dir='ltr' id='par_1_13' title="bbox 1034 607 1944 1065">
     <span class='ocr_line' id='line_1_49' title="bbox 1034 607 1942 640; baseline 0.001 -9"><span class='ocrx_word' id='word_1_301' title='bbox 1034 607 1113 631; x_wconf 67' lang='grc' dir='ltr'><strong>νιτΑ</strong></span> <span class='ocrx_word' id='word_1_302' title='bbox 1127 607 1298 631; x_wconf 57' lang='lat' dir='ltr'><strong>Min-muns</strong></span> <span class='ocrx_word' id='word_1_303' title='bbox 1311 607 1507 636; x_wconf 52' lang='lat' dir='ltr'><strong>Coun-issac,</strong></span> <span class='ocrx_word' id='word_1_304' title='bbox 1522 607 1719 632; x_wconf 81' lang='lat' dir='ltr'><strong>celeberrirnae</strong></span> <span class='ocrx_word' id='word_1_305' title='bbox 1728 607 1875 640; x_wconf 89' lang='lat' dir='ltr'><strong>Principis</strong></span> <span class='ocrx_word' id='word_1_306' title='bbox 1888 608 1942 633; x_wconf 87' lang='lat' dir='ltr'><strong>Ita-</strong></span> 
     </span>
     <span class='ocr_line' id='line_1_50' title="bbox 1106 649 1942 682; baseline 0 -8"><span class='ocrx_word' id='word_1_307' title='bbox 1106 649 1172 678; x_wconf 88' lang='lat' dir='ltr'><strong>liae,</strong></span> <span class='ocrx_word' id='word_1_308' title='bbox 1192 649 1328 674; x_wconf 86' lang='lat' dir='ltr'><strong>Carmine</strong></span> <span class='ocrx_word' id='word_1_309' title='bbox 1348 651 1455 682; x_wconf 84' lang='lat' dir='ltr'><strong>scripta</strong></span> <span class='ocrx_word' id='word_1_310' title='bbox 1475 657 1491 674; x_wconf 84' lang='lat' dir='ltr'><strong>a</strong></span> <span class='ocrx_word' id='word_1_311' title='bbox 1510 650 1648 675; x_wconf 73' lang='lat' dir='ltr'><strong>Donizoue</strong></span> <span class='ocrx_word' id='word_1_312' title='bbox 1666 651 1830 682; x_wconf 78' lang='lat' dir='ltr'><strong>Presbytero,</strong></span> <span class='ocrx_word' id='word_1_313' title='bbox 1849 653 1875 674; x_wconf 75' lang='lat' dir='ltr'><strong>et</strong></span> <span class='ocrx_word' id='word_1_314' title='bbox 1886 651 1942 675; x_wconf 83' lang='lat' dir='ltr'><strong>Mo-</strong></span> 
     </span>
     <span class='ocr_line' id='line_1_51' title="bbox 1107 691 1941 723; baseline 0.004 -8"><span class='ocrx_word' id='word_1_315' title='bbox 1107 691 1190 716; x_wconf 70' lang='lat' dir='ltr'><strong>nac-ho</strong></span> <span class='ocrx_word' id='word_1_316' title='bbox 1211 692 1347 716; x_wconf 67' lang='lat' dir='ltr'><strong>Canusino</strong></span> <span class='ocrx_word' id='word_1_317' title='bbox 1366 691 1487 717; x_wconf 83' lang='lat' dir='ltr'><strong>Ordinis</strong></span> <span class='ocrx_word' id='word_1_318' title='bbox 1506 692 1606 717; x_wconf 83' lang='lat' dir='ltr'><strong>Sancti</strong></span> <span class='ocrx_word' id='word_1_319' title='bbox 1625 693 1784 723; x_wconf 84' lang='lat' dir='ltr'><strong>Benedicti,</strong></span> <span class='ocrx_word' id='word_1_320' title='bbox 1803 700 1865 717; x_wconf 87' lang='lat' dir='ltr'><strong>cum</strong></span> <span class='ocrx_word' id='word_1_321' title='bbox 1885 691 1941 718; x_wconf 92' lang='lat' dir='ltr'><strong>Co-</strong></span> 
     </span>
     <span class='ocr_line' id='line_1_52' title="bbox 1108 733 1941 767; baseline 0.002 -9"><span class='ocrx_word' id='word_1_322' title='bbox 1108 733 1220 759; x_wconf 88' lang='lat' dir='ltr'><strong>dicibus</strong></span> <span class='ocrx_word' id='word_1_323' title='bbox 1233 733 1324 759; x_wconf 82' lang='lat' dir='ltr'><strong>MStis</strong></span> <span class='ocrx_word' id='word_1_324' title='bbox 1339 741 1428 766; x_wconf 88' lang='lat' dir='ltr'><strong>nuper</strong></span> <span class='ocrx_word' id='word_1_325' title='bbox 1441 735 1556 765; x_wconf 84' lang='lat' dir='ltr'><strong>collata,</strong></span> <span class='ocrx_word' id='word_1_326' title='bbox 1569 737 1597 759; x_wconf 91' lang='lat' dir='ltr'><strong>et</strong></span> <span class='ocrx_word' id='word_1_327' title='bbox 1610 735 1641 759; x_wconf 90' lang='lat' dir='ltr'><strong>in</strong></span> <span class='ocrx_word' id='word_1_328' title='bbox 1655 736 1798 767; x_wconf 85' lang='lat' dir='ltr'><strong>praesenti</strong></span> <span class='ocrx_word' id='word_1_329' title='bbox 1812 736 1941 760; x_wconf 86' lang='lat' dir='ltr'><strong>editione</strong></span> 
     </span>
     <span class='ocr_line' id='line_1_53' title="bbox 1108 777 1941 809; baseline 0.004 -9"><span class='ocrx_word' id='word_1_330' title='bbox 1108 778 1286 808; x_wconf 80' lang='lat' dir='ltr'><strong>castigatior,</strong></span> <span class='ocrx_word' id='word_1_331' title='bbox 1300 777 1455 809; x_wconf 84' lang='lat' dir='ltr'><strong>multisque</strong></span> <span class='ocrx_word' id='word_1_332' title='bbox 1469 777 1598 801; x_wconf 87' lang='lat' dir='ltr'><strong>versibus</strong></span> <span class='ocrx_word' id='word_1_333' title='bbox 1611 779 1703 802; x_wconf 90' lang='lat' dir='ltr'><strong>aucta.</strong></span> <span class='ocrx_word' id='word_1_334' title='bbox 1716 777 1866 802; x_wconf 88' lang='lat' dir='ltr'><strong>Accedunt</strong></span> <span class='ocrx_word' id='word_1_335' title='bbox 1878 779 1941 803; x_wconf 88' lang='lat' dir='ltr'><strong>bre-</strong></span> 
     </span>
     <span class='ocr_line' id='line_1_54' title="bbox 1108 818 1944 848; baseline 0.002 -5"><span class='ocrx_word' id='word_1_336' title='bbox 1108 826 1156 843; x_wconf 85' lang='lat' dir='ltr'><strong>ves</strong></span> <span class='ocrx_word' id='word_1_337' title='bbox 1174 818 1268 843; x_wconf 90' lang='lat' dir='ltr'><strong>Notae</strong></span> <span class='ocrx_word' id='word_1_338' title='bbox 1289 818 1435 848; x_wconf 73' lang='lat' dir='ltr'><strong>Godefridi</strong></span> <span class='ocrx_word' id='word_1_339' title='bbox 1454 819 1598 843; x_wconf 69' lang='lat' dir='ltr'><strong>Gallielmi</strong></span> <span class='ocrx_word' id='word_1_340' title='bbox 1613 819 1754 848; x_wconf 68' lang='grc' dir='ltr'><strong>ἱείόηίίιϊ,</strong></span> <span class='ocrx_word' id='word_1_341' title='bbox 1770 822 1798 844; x_wconf 89' lang='lat' dir='ltr'><strong>et</strong></span> <span class='ocrx_word' id='word_1_342' title='bbox 1812 821 1944 845; x_wconf 75' lang='lat' dir='ltr'><strong>Ludovici</strong></span> 
     </span>
     <span class='ocr_line' id='line_1_55' title="bbox 1106 860 1940 888; baseline 0.005 -4"><span class='ocrx_word' id='word_1_343' title='bbox 1106 860 1221 885; x_wconf 79' lang='lat' dir='ltr'><strong>Antonii</strong></span> <span class='ocrx_word' id='word_1_344' title='bbox 1237 861 1395 886; x_wconf 70' lang='lat' dir='ltr'><strong>Mummii.</strong></span> <span class='ocrx_word' id='word_1_345' title='bbox 1416 860 1487 886; x_wconf 88' lang='lat' dir='ltr'><strong>Item</strong></span> <span class='ocrx_word' id='word_1_346' title='bbox 1513 861 1654 886; x_wconf 87' lang='lat' dir='ltr'><strong>Chartula</strong></span> <span class='ocrx_word' id='word_1_347' title='bbox 1680 860 1853 887; x_wconf 82' lang='lat' dir='ltr'><strong>Comitissae</strong></span> <span class='ocrx_word' id='word_1_348' title='bbox 1880 863 1940 888; x_wconf 89' lang='lat' dir='ltr'><strong>Ma-</strong></span> 
     </span>
     <span class='ocr_line' id='line_1_56' title="bbox 1107 903 1941 935; baseline 0.005 -9"><span class='ocrx_word' id='word_1_349' title='bbox 1107 903 1210 927; x_wconf 84' lang='lat' dir='ltr'><strong>thildis</strong></span> <span class='ocrx_word' id='word_1_350' title='bbox 1235 910 1319 935; x_wconf 87' lang='lat' dir='ltr'><strong>super</strong></span> <span class='ocrx_word' id='word_1_351' title='bbox 1344 904 1530 928; x_wconf 84' lang='lat' dir='ltr'><strong>concessione</strong></span> <span class='ocrx_word' id='word_1_352' title='bbox 1554 904 1697 928; x_wconf 91' lang='lat' dir='ltr'><strong>bonorum</strong></span> <span class='ocrx_word' id='word_1_353' title='bbox 1723 912 1839 930; x_wconf 87' lang='lat' dir='ltr'><strong>suorum</strong></span> <span class='ocrx_word' id='word_1_354' title='bbox 1864 905 1941 930; x_wconf 82' lang='lat' dir='ltr'><strong>sacta</strong></span> 
     </span>
     <span class='ocr_line' id='line_1_57' title="bbox 1106 944 1940 972; baseline 0.005 -4"><span class='ocrx_word' id='word_1_355' title='bbox 1106 944 1254 969; x_wconf 85' lang='lat' dir='ltr'><strong>Romanae</strong></span> <span class='ocrx_word' id='word_1_356' title='bbox 1273 945 1428 971; x_wconf 77' lang='lat' dir='ltr'><strong>Ecclesiae.</strong></span> <span class='ocrx_word' id='word_1_357' title='bbox 1453 945 1565 970; x_wconf 88' lang='lat' dir='ltr'><strong>Pariter</strong></span> <span class='ocrx_word' id='word_1_358' title='bbox 1589 946 1708 971; x_wconf 86' lang='lat' dir='ltr'><strong>Relatio</strong></span> <span class='ocrx_word' id='word_1_359' title='bbox 1734 946 1769 971; x_wconf 83' lang='lat' dir='ltr'><strong>de</strong></span> <span class='ocrx_word' id='word_1_360' title='bbox 1794 947 1940 972; x_wconf 86' lang='lat' dir='ltr'><strong>Thesauro</strong></span> 
     </span>
     <span class='ocr_line' id='line_1_58' title="bbox 1108 986 1940 1021; baseline 0.005 -10"><span class='ocrx_word' id='word_1_361' title='bbox 1108 986 1272 1012; x_wconf 82' lang='lat' dir='ltr'><strong>Canusinae</strong></span> <span class='ocrx_word' id='word_1_362' title='bbox 1290 987 1434 1013; x_wconf 89' lang='lat' dir='ltr'><strong>Ecclesiae</strong></span> <span class='ocrx_word' id='word_1_363' title='bbox 1454 987 1575 1013; x_wconf 87' lang='lat' dir='ltr'><strong>Romam</strong></span> <span class='ocrx_word' id='word_1_364' title='bbox 1595 989 1773 1021; x_wconf 78' lang='lat' dir='ltr'><strong>transmisso,</strong></span> <span class='ocrx_word' id='word_1_365' title='bbox 1794 991 1822 1014; x_wconf 89' lang='lat' dir='ltr'><strong>et</strong></span> <span class='ocrx_word' id='word_1_366' title='bbox 1836 997 1940 1015; x_wconf 90' lang='lat' dir='ltr'><strong>recom-</strong></span> 
     </span>
     <span class='ocr_line' id='line_1_59' title="bbox 1107 1029 1939 1065; baseline 0.005 -12"><span class='ocrx_word' id='word_1_367' title='bbox 1107 1029 1277 1061; x_wconf 88' lang='lat' dir='ltr'><strong>pensatione</strong></span> <span class='ocrx_word' id='word_1_368' title='bbox 1299 1030 1374 1054; x_wconf 79' lang='lat' dir='ltr'><strong>facta</strong></span> <span class='ocrx_word' id='word_1_369' title='bbox 1394 1047 1805 1057; x_wconf 87' lang='grc'><strong>..........</strong></span> <span class='ocrx_word' id='word_1_370' title='bbox 1842 1040 1869 1065; x_wconf 81' lang='lat' dir='ltr'><strong>p.</strong></span> <span class='ocrx_word' id='word_1_371' title='bbox 1888 1037 1939 1064; x_wconf 78' lang='lat'><strong>335</strong></span> 
     </span>
    </p>
   </div>
   <div class='ocr_carea' id='block_1_13' title="bbox 1036 1097 1942 1219">
    <p class='ocr_par' dir='ltr' id='par_1_14' title="bbox 1036 1097 1942 1219">
     <span class='ocr_line' id='line_1_60' title="bbox 1036 1097 1942 1126; baseline 0.006 -5"><span class='ocrx_word' id='word_1_372' title='bbox 1036 1097 1115 1122; x_wconf 59' lang='lat' dir='ltr'><strong>Vtra</strong></span> <span class='ocrx_word' id='word_1_373' title='bbox 1135 1097 1322 1123; x_wconf 61' lang='lat' dir='ltr'><strong>Comnssm</strong></span> <span class='ocrx_word' id='word_1_374' title='bbox 1341 1099 1511 1124; x_wconf 54' lang='lat' dir='ltr'><strong>Mau-muns</strong></span> <span class='ocrx_word' id='word_1_375' title='bbox 1536 1098 1677 1124; x_wconf 85' lang='lat' dir='ltr'><strong>Oratione</strong></span> <span class='ocrx_word' id='word_1_376' title='bbox 1704 1100 1800 1125; x_wconf 85' lang='lat' dir='ltr'><strong>soluta</strong></span> <span class='ocrx_word' id='word_1_377' title='bbox 1825 1101 1860 1126; x_wconf 89' lang='lat' dir='ltr'><strong>ab</strong></span> <span class='ocrx_word' id='word_1_378' title='bbox 1886 1101 1942 1126; x_wconf 86' lang='lat' dir='ltr'><strong>Au-</strong></span> 
     </span>
     <span class='ocr_line' id='line_1_61' title="bbox 1107 1141 1942 1175; baseline 0.002 -10"><span class='ocrx_word' id='word_1_379' title='bbox 1107 1141 1186 1165; x_wconf 88' lang='lat' dir='ltr'><strong>ctore</strong></span> <span class='ocrx_word' id='word_1_380' title='bbox 1204 1141 1361 1173; x_wconf 89' lang='lat' dir='ltr'><strong>Anonymo</strong></span> <span class='ocrx_word' id='word_1_381' title='bbox 1380 1142 1498 1175; x_wconf 88' lang='lat' dir='ltr'><strong>scripta,</strong></span> <span class='ocrx_word' id='word_1_382' title='bbox 1517 1144 1545 1167; x_wconf 93' lang='lat' dir='ltr'><strong>et</strong></span> <span class='ocrx_word' id='word_1_383' title='bbox 1565 1150 1600 1167; x_wconf 88' lang='lat' dir='ltr'><strong>ex</strong></span> <span class='ocrx_word' id='word_1_384' title='bbox 1613 1141 1671 1167; x_wconf 90' lang='lat' dir='ltr'><strong>MS.</strong></span> <span class='ocrx_word' id='word_1_385' title='bbox 1684 1142 1825 1167; x_wconf 65' lang='lat' dir='ltr'><strong>Francius·</strong></span> <span class='ocrx_word' id='word_1_386' title='bbox 1835 1143 1942 1167; x_wconf 76' lang='lat' dir='ltr'><strong>Mariae</strong></span> 
     </span>
     <span class='ocr_line' id='line_1_62' title="bbox 1105 1181 1941 1219; baseline 0.004 -13"><span class='ocrx_word' id='word_1_387' title='bbox 1105 1181 1259 1207; x_wconf 71' lang='lat' dir='ltr'><strong>FlorentIm&#39;</strong></span> <span class='ocrx_word' id='word_1_388' title='bbox 1278 1190 1294 1207; x_wconf 88' lang='lat' dir='ltr'><strong>a</strong></span> <span class='ocrx_word' id='word_1_389' title='bbox 1321 1182 1466 1207; x_wconf 79' lang='lat' dir='ltr'><strong>Guth&#39;elmo</strong></span> <span class='ocrx_word' id='word_1_390' title='bbox 1493 1182 1639 1214; x_wconf 79' lang='lat' dir='ltr'><strong>Godefrido</strong></span> <span class='ocrx_word' id='word_1_391' title='bbox 1663 1184 1792 1209; x_wconf 66' lang='lat' dir='ltr'><strong>leibnitio</strong></span> <span class='ocrx_word' id='word_1_392' title='bbox 1816 1186 1941 1219; x_wconf 87' lang='lat' dir='ltr'><strong>primum</strong></span> 
     </span>
    </p>
   </div>
   <div class='ocr_carea' id='block_1_14' title="bbox 1106 1224 1940 1262">
    <p class='ocr_par' dir='ltr' id='par_1_15' title="bbox 1106 1224 1940 1262">
     <span class='ocr_line' id='line_1_63' title="bbox 1106 1224 1940 1262; baseline 0.005 -14"><span class='ocrx_word' id='word_1_393' title='bbox 1106 1224 1186 1249; x_wconf 88' lang='lat' dir='ltr'><strong>edita</strong></span> <span class='ocrx_word' id='word_1_394' title='bbox 1211 1242 1578 1252; x_wconf 90' lang='grc'><strong>.........</strong></span> <span class='ocrx_word' id='word_1_395' title='bbox 1608 1259 1609 1262; x_wconf 15' lang='lat'>¹</span> <span class='ocrx_word' id='word_1_396' title='bbox 1616 1244 1806 1252; x_wconf 91' lang='grc'>.....</span> <span class='ocrx_word' id='word_1_397' title='bbox 1843 1236 1869 1260; x_wconf 88' lang='lat' dir='ltr'><strong>p.</strong></span> <span class='ocrx_word' id='word_1_398' title='bbox 1888 1227 1940 1260; x_wconf 90' lang='lat'><strong>387</strong></span> 
     </span>
    </p>
   </div>
   <div class='ocr_carea' id='block_1_15' title="bbox 1036 1293 1942 1543">
    <p class='ocr_par' dir='ltr' id='par_1_16' title="bbox 1036 1293 1942 1543">
     <span class='ocr_line' id='line_1_64' title="bbox 1036 1293 1940 1328; baseline 0.004 -10"><span class='ocrx_word' id='word_1_399' title='bbox 1036 1293 1189 1318; x_wconf 69' lang='lat' dir='ltr'><strong>Auonvm</strong></span> <span class='ocrx_word' id='word_1_400' title='bbox 1208 1294 1445 1320; x_wconf 71' lang='lat' dir='ltr'><strong>Novocommsm</strong></span> <span class='ocrx_word' id='word_1_401' title='bbox 1461 1296 1605 1328; x_wconf 76' lang='lat' dir='ltr'><strong>Cumanus,</strong></span> <span class='ocrx_word' id='word_1_402' title='bbox 1619 1296 1679 1321; x_wconf 80' lang='lat' dir='ltr'><strong>sive</strong></span> <span class='ocrx_word' id='word_1_403' title='bbox 1692 1296 1796 1322; x_wconf 66' lang='lat' dir='ltr'><strong>Poema</strong></span> <span class='ocrx_word' id='word_1_404' title='bbox 1811 1297 1844 1322; x_wconf 88' lang='lat' dir='ltr'><strong>de</strong></span> <span class='ocrx_word' id='word_1_405' title='bbox 1858 1297 1940 1322; x_wconf 87' lang='lat' dir='ltr'><strong>Bello</strong></span> 
     </span>
     <span class='ocr_line' id='line_1_65' title="bbox 1106 1336 1942 1372; baseline 0.005 -12"><span class='ocrx_word' id='word_1_406' title='bbox 1106 1338 1135 1360; x_wconf 90' lang='lat' dir='ltr'><strong>et</strong></span> <span class='ocrx_word' id='word_1_407' title='bbox 1147 1336 1270 1361; x_wconf 83' lang='lat' dir='ltr'><strong>Excidio</strong></span> <span class='ocrx_word' id='word_1_408' title='bbox 1284 1337 1363 1362; x_wconf 89' lang='lat' dir='ltr'><strong>urbis</strong></span> <span class='ocrx_word' id='word_1_409' title='bbox 1378 1337 1529 1363; x_wconf 76' lang='lat' dir='ltr'><strong>ComensIs</strong></span> <span class='ocrx_word' id='word_1_410' title='bbox 1541 1338 1576 1362; x_wconf 85' lang='lat' dir='ltr'><strong>ab</strong></span> <span class='ocrx_word' id='word_1_411' title='bbox 1589 1345 1666 1363; x_wconf 86' lang='lat' dir='ltr'><strong>anno</strong></span> <span class='ocrx_word' id='word_1_412' title='bbox 1680 1338 1839 1364; x_wconf 89' lang='lat' dir='ltr'><strong>MCXVHI.</strong></span> <span class='ocrx_word' id='word_1_413' title='bbox 1854 1346 1942 1372; x_wconf 88' lang='lat' dir='ltr'><strong>usque</strong></span> 
     </span>
     <span class='ocr_line' id='line_1_66' title="bbox 1107 1378 1940 1412; baseline 0.005 -9"><span class='ocrx_word' id='word_1_414' title='bbox 1107 1379 1143 1403; x_wconf 84' lang='lat' dir='ltr'><strong>ad</strong></span> <span class='ocrx_word' id='word_1_415' title='bbox 1162 1378 1335 1404; x_wconf 81' lang='lat' dir='ltr'><strong>MCXXVII.</strong></span> <span class='ocrx_word' id='word_1_416' title='bbox 1355 1387 1430 1404; x_wconf 86' lang='lat' dir='ltr'><strong>nunc</strong></span> <span class='ocrx_word' id='word_1_417' title='bbox 1451 1382 1574 1412; x_wconf 90' lang='lat' dir='ltr'><strong>primum</strong></span> <span class='ocrx_word' id='word_1_418' title='bbox 1594 1389 1608 1405; x_wconf 90' lang='lat' dir='ltr'><strong>e</strong></span> <span class='ocrx_word' id='word_1_419' title='bbox 1628 1381 1717 1406; x_wconf 88' lang='lat' dir='ltr'><strong>MStis</strong></span> <span class='ocrx_word' id='word_1_420' title='bbox 1743 1382 1940 1406; x_wconf 88' lang='lat' dir='ltr'><strong>Mediolanen-</strong></span> 
     </span>
     <span class='ocr_line' id='line_1_67' title="bbox 1108 1421 1941 1456; baseline 0.005 -10"><span class='ocrx_word' id='word_1_421' title='bbox 1108 1421 1196 1452; x_wconf 82' lang='lat' dir='ltr'><strong>sibus,</strong></span> <span class='ocrx_word' id='word_1_422' title='bbox 1215 1423 1243 1446; x_wconf 88' lang='lat' dir='ltr'><strong>et</strong></span> <span class='ocrx_word' id='word_1_423' title='bbox 1268 1421 1458 1447; x_wconf 87' lang='lat' dir='ltr'><strong>Comensibus</strong></span> <span class='ocrx_word' id='word_1_424' title='bbox 1484 1423 1515 1447; x_wconf 89' lang='lat' dir='ltr'><strong>in</strong></span> <span class='ocrx_word' id='word_1_425' title='bbox 1542 1423 1632 1448; x_wconf 87' lang='lat' dir='ltr'><strong>iucem</strong></span> <span class='ocrx_word' id='word_1_426' title='bbox 1659 1425 1766 1456; x_wconf 88' lang='lat' dir='ltr'><strong>prodit.</strong></span> <span class='ocrx_word' id='word_1_427' title='bbox 1792 1425 1941 1450; x_wconf 88' lang='lat' dir='ltr'><strong>Accedunt</strong></span> 
     </span>
     <span class='ocr_line' id='line_1_68' title="bbox 1106 1463 1942 1499; baseline 0.004 -11"><span class='ocrx_word' id='word_1_428' title='bbox 1106 1463 1332 1497; x_wconf 83' lang='lat' dir='ltr'><strong>Castigationes‚</strong></span> <span class='ocrx_word' id='word_1_429' title='bbox 1356 1467 1385 1490; x_wconf 84' lang='lat' dir='ltr'><strong>et</strong></span> <span class='ocrx_word' id='word_1_430' title='bbox 1403 1466 1497 1490; x_wconf 84' lang='lat' dir='ltr'><strong>Notae</strong></span> <span class='ocrx_word' id='word_1_431' title='bbox 1515 1467 1552 1491; x_wconf 85' lang='lat' dir='ltr'><strong>D.</strong></span> <span class='ocrx_word' id='word_1_432' title='bbox 1565 1464 1675 1499; x_wconf 77' lang='lat' dir='ltr'><strong>josephi</strong></span> <span class='ocrx_word' id='word_1_433' title='bbox 1691 1467 1796 1491; x_wconf 80' lang='lat' dir='ltr'><strong>Mariae</strong></span> <span class='ocrx_word' id='word_1_434' title='bbox 1817 1468 1942 1499; x_wconf 74' lang='lat' dir='ltr'><strong>Stampae</strong></span> 
     </span>
     <span class='ocr_line' id='line_1_69' title="bbox 1106 1506 1941 1543; baseline 0.005 -12"><span class='ocrx_word' id='word_1_435' title='bbox 1106 1514 1121 1531; x_wconf 90' lang='lat' dir='ltr'><strong>e</strong></span> <span class='ocrx_word' id='word_1_436' title='bbox 1139 1506 1337 1532; x_wconf 88' lang='lat' dir='ltr'><strong>Somaschensi</strong></span> <span class='ocrx_word' id='word_1_437' title='bbox 1358 1507 1594 1541; x_wconf 86' lang='lat' dir='ltr'><strong>Congregatione</strong></span> <span class='ocrx_word' id='word_1_438' title='bbox 1619 1526 1805 1534; x_wconf 87' lang='grc'><strong>.....</strong></span> <span class='ocrx_word' id='word_1_439' title='bbox 1843 1518 1869 1542; x_wconf 91' lang='lat' dir='ltr'><strong>p.</strong></span> <span class='ocrx_word' id='word_1_440' title='bbox 1890 1517 1941 1543; x_wconf 88' lang='lat'><strong>399</strong></span> 
     </span>
    </p>
   </div>
   <div class='ocr_carea' id='block_1_16' title="bbox 1035 1568 1942 1819">
    <p class='ocr_par' dir='ltr' id='par_1_17' title="bbox 1035 1568 1942 1819">
     <span class='ocr_line' id='line_1_70' title="bbox 1035 1568 1941 1602; baseline 0.004 -9"><span class='ocrx_word' id='word_1_441' title='bbox 1035 1568 1215 1595; x_wconf 64' lang='lat' dir='ltr'><strong>Lnnomrffl</strong></span> <span class='ocrx_word' id='word_1_442' title='bbox 1231 1570 1380 1602; x_wconf 75' lang='lat' dir='ltr'><strong>Jumoms,</strong></span> <span class='ocrx_word' id='word_1_443' title='bbox 1406 1571 1467 1595; x_wconf 86' lang='lat' dir='ltr'><strong>sive</strong></span> <span class='ocrx_word' id='word_1_444' title='bbox 1485 1571 1532 1595; x_wconf 65' lang='lat' dir='ltr'><strong>Dr:</strong></span> <span class='ocrx_word' id='word_1_445' title='bbox 1550 1570 1671 1596; x_wconf 74' lang='lat' dir='ltr'><strong>SANC‘ro</strong></span> <span class='ocrx_word' id='word_1_446' title='bbox 1690 1572 1801 1601; x_wconf 73' lang='lat' dir='ltr'><strong>PAULO,</strong></span> <span class='ocrx_word' id='word_1_447' title='bbox 1820 1573 1941 1597; x_wconf 78' lang='lat' dir='ltr'><strong>Historia</strong></span> 
     </span>
     <span class='ocr_line' id='line_1_71' title="bbox 1107 1611 1941 1647; baseline 0.005 -11"><span class='ocrx_word' id='word_1_448' title='bbox 1107 1611 1314 1638; x_wconf 61' lang='lat' dir='ltr'><strong>Mediolanum</strong></span> <span class='ocrx_word' id='word_1_449' title='bbox 1341 1613 1377 1638; x_wconf 89' lang='lat' dir='ltr'><strong>ab</strong></span> <span class='ocrx_word' id='word_1_450' title='bbox 1404 1621 1482 1638; x_wconf 83' lang='lat' dir='ltr'><strong>anno</strong></span> <span class='ocrx_word' id='word_1_451' title='bbox 1510 1613 1620 1639; x_wconf 90' lang='lat' dir='ltr'><strong>MXCV</strong></span> <span class='ocrx_word' id='word_1_452' title='bbox 1649 1622 1736 1647; x_wconf 88' lang='lat' dir='ltr'><strong>usque</strong></span> <span class='ocrx_word' id='word_1_453' title='bbox 1766 1615 1803 1640; x_wconf 89' lang='lat' dir='ltr'><strong>ad</strong></span> <span class='ocrx_word' id='word_1_454' title='bbox 1835 1623 1941 1640; x_wconf 84' lang='lat' dir='ltr'><strong>annum</strong></span> 
     </span>
     <span class='ocr_line' id='line_1_72' title="bbox 1107 1654 1941 1689; baseline 0.002 -9"><span class='ocrx_word' id='word_1_455' title='bbox 1107 1654 1308 1681; x_wconf 83' lang='lat' dir='ltr'><strong>MCXXXVII.</strong></span> <span class='ocrx_word' id='word_1_456' title='bbox 1327 1664 1403 1680; x_wconf 87' lang='lat' dir='ltr'><strong>nunc</strong></span> <span class='ocrx_word' id='word_1_457' title='bbox 1429 1657 1553 1689; x_wconf 88' lang='lat' dir='ltr'><strong>primum</strong></span> <span class='ocrx_word' id='word_1_458' title='bbox 1574 1658 1673 1689; x_wconf 88' lang='lat' dir='ltr'><strong>prodit</strong></span> <span class='ocrx_word' id='word_1_459' title='bbox 1691 1664 1726 1682; x_wconf 87' lang='lat' dir='ltr'><strong>ex</strong></span> <span class='ocrx_word' id='word_1_460' title='bbox 1745 1657 1835 1682; x_wconf 89' lang='lat' dir='ltr'><strong>MStis</strong></span> <span class='ocrx_word' id='word_1_461' title='bbox 1854 1657 1941 1682; x_wconf 87' lang='lat' dir='ltr'><strong>Codi-</strong></span> 
     </span>
     <span class='ocr_line' id='line_1_73' title="bbox 1106 1699 1941 1732; baseline 0.004 -9"><span class='ocrx_word' id='word_1_462' title='bbox 1106 1699 1187 1723; x_wconf 89' lang='lat' dir='ltr'><strong>cibus</strong></span> <span class='ocrx_word' id='word_1_463' title='bbox 1215 1699 1461 1732; x_wconf 87' lang='lat' dir='ltr'><strong>Metropolitanae</strong></span> <span class='ocrx_word' id='word_1_464' title='bbox 1486 1700 1712 1726; x_wconf 85' lang='lat' dir='ltr'><strong>Mediolanensis</strong></span> <span class='ocrx_word' id='word_1_465' title='bbox 1737 1701 1941 1726; x_wconf 87' lang='lat' dir='ltr'><strong>Bibliothecae.</strong></span> 
     </span>
     <span class='ocr_line' id='line_1_74' title="bbox 1106 1741 1942 1775; baseline 0.002 -9"><span class='ocrx_word' id='word_1_466' title='bbox 1106 1741 1257 1767; x_wconf 83' lang='lat' dir='ltr'><strong>Accedunt</strong></span> <span class='ocrx_word' id='word_1_467' title='bbox 1274 1742 1367 1767; x_wconf 83' lang='lat' dir='ltr'><strong>Notae</strong></span> <span class='ocrx_word' id='word_1_468' title='bbox 1375 1742 1487 1775; x_wconf 63' lang='lat' dir='ltr'><strong>strepit!</strong></span> <span class='ocrx_word' id='word_1_469' title='bbox 1503 1743 1619 1767; x_wconf 69' lang='lat' dir='ltr'><strong>Antonii</strong></span> <span class='ocrx_word' id='word_1_470' title='bbox 1636 1743 1718 1768; x_wconf 60' lang='lat' dir='ltr'><strong>Saxi(</strong></span> <span class='ocrx_word' id='word_1_471' title='bbox 1734 1743 1942 1769; x_wconf 85' lang='lat' dir='ltr'><strong>Ambrosianae</strong></span> 
     </span>
     <span class='ocr_line' id='line_1_75' title="bbox 1107 1784 1942 1819; baseline 0.004 -11"><span class='ocrx_word' id='word_1_472' title='bbox 1107 1784 1304 1809; x_wconf 84' lang='lat' dir='ltr'><strong>Bibliothecae</strong></span> <span class='ocrx_word' id='word_1_473' title='bbox 1323 1784 1464 1816; x_wconf 79' lang='lat' dir='ltr'><strong>Praefecti</strong></span> <span class='ocrx_word' id='word_1_474' title='bbox 1487 1801 1807 1811; x_wconf 90' lang='grc'><strong>........</strong></span> <span class='ocrx_word' id='word_1_475' title='bbox 1843 1793 1870 1819; x_wconf 88' lang='lat' dir='ltr'><strong>p.</strong></span> <span class='ocrx_word' id='word_1_476' title='bbox 1890 1792 1942 1819; x_wconf 84' lang='lat'><strong>459</strong></span> 
     </span>
    </p>
   </div>
   <div class='ocr_carea' id='block_1_17' title="bbox 1035 1852 1943 2015">
    <p class='ocr_par' dir='ltr' id='par_1_18' title="bbox 1035 1852 1943 2015">
     <span class='ocr_line' id='line_1_76' title="bbox 1035 1852 1943 1887; baseline 0.001 -9"><span class='ocrx_word' id='word_1_477' title='bbox 1035 1852 1169 1879; x_wconf 59' lang='lat' dir='ltr'><strong>Canum&lt;</strong></span> <span class='ocrx_word' id='word_1_478' title='bbox 1187 1853 1222 1878; x_wconf 90' lang='lat' dir='ltr'><strong>de</strong></span> <span class='ocrx_word' id='word_1_479' title='bbox 1242 1852 1389 1878; x_wconf 82' lang='lat' dir='ltr'><strong>Laudibus</strong></span> <span class='ocrx_word' id='word_1_480' title='bbox 1409 1854 1541 1886; x_wconf 86' lang='lat' dir='ltr'><strong>Bergomi</strong></span> <span class='ocrx_word' id='word_1_481' title='bbox 1565 1853 1697 1886; x_wconf 66' lang='lat' dir='ltr'><strong>Magistri</strong></span> <span class='ocrx_word' id='word_1_482' title='bbox 1715 1855 1818 1887; x_wconf 75' lang='lat' dir='ltr'><strong>Moysis</strong></span> <span class='ocrx_word' id='word_1_483' title='bbox 1843 1855 1943 1887; x_wconf 79' lang='lat' dir='ltr'><strong>Bergo-</strong></span> 
     </span>
     <span class='ocr_line' id='line_1_77' title="bbox 1107 1894 1943 1928; baseline 0.001 -8"><span class='ocrx_word' id='word_1_484' title='bbox 1107 1896 1195 1927; x_wconf 63' lang='lat' dir='ltr'><strong>mum,</strong></span> <span class='ocrx_word' id='word_1_485' title='bbox 1214 1896 1264 1928; x_wconf 90' lang='lat' dir='ltr'><strong>qui</strong></span> <span class='ocrx_word' id='word_1_486' title='bbox 1284 1897 1401 1920; x_wconf 85' lang='lat' dir='ltr'><strong>circiter</strong></span> <span class='ocrx_word' id='word_1_487' title='bbox 1421 1903 1526 1920; x_wconf 85' lang='lat' dir='ltr'><strong>annum</strong></span> <span class='ocrx_word' id='word_1_488' title='bbox 1547 1894 1659 1920; x_wconf 81' lang='lat' dir='ltr'><strong>Christi</strong></span> <span class='ocrx_word' id='word_1_489' title='bbox 1673 1896 1793 1921; x_wconf 84' lang='lat' dir='ltr'><strong>MCXX.</strong></span> <span class='ocrx_word' id='word_1_490' title='bbox 1807 1897 1911 1928; x_wconf 83' lang='lat' dir='ltr'><strong>floruit,</strong></span> <span class='ocrx_word' id='word_1_491' title='bbox 1926 1904 1943 1921; x_wconf 86' lang='lat' dir='ltr'><strong>a</strong></span> 
     </span>
     <span class='ocr_line' id='line_1_78' title="bbox 1107 1937 1942 1972; baseline 0.002 -10"><span class='ocrx_word' id='word_1_492' title='bbox 1107 1937 1196 1962; x_wconf 64' lang='grc' dir='ltr'><strong>Μανία</strong></span> <span class='ocrx_word' id='word_1_493' title='bbox 1207 1939 1298 1963; x_wconf 73' lang='lat' dir='ltr'><strong>Mucio</strong></span> <span class='ocrx_word' id='word_1_494' title='bbox 1312 1938 1384 1963; x_wconf 85' lang='lat' dir='ltr'><strong>olim</strong></span> <span class='ocrx_word' id='word_1_495' title='bbox 1397 1939 1517 1970; x_wconf 86' lang='lat' dir='ltr'><strong>editum,</strong></span> <span class='ocrx_word' id='word_1_496' title='bbox 1531 1946 1607 1963; x_wconf 89' lang='lat' dir='ltr'><strong>nunc</strong></span> <span class='ocrx_word' id='word_1_497' title='bbox 1621 1940 1715 1964; x_wconf 90' lang='lat' dir='ltr'><strong>autem</strong></span> <span class='ocrx_word' id='word_1_498' title='bbox 1729 1946 1783 1972; x_wconf 85' lang='lat' dir='ltr'><strong>ope</strong></span> <span class='ocrx_word' id='word_1_499' title='bbox 1795 1939 1942 1964; x_wconf 88' lang='lat' dir='ltr'><strong>MStorum</strong></span> 
     </span>
     <span class='ocr_line' id='line_1_79' title="bbox 1107 1982 1940 2015; baseline 0.001 -10"><span class='ocrx_word' id='word_1_500' title='bbox 1107 1982 1305 2015; x_wconf 84' lang='lat' dir='ltr'><strong>expurgatum,</strong></span> <span class='ocrx_word' id='word_1_501' title='bbox 1326 1988 1357 2005; x_wconf 88' lang='lat' dir='ltr'><strong>ac</strong></span> <span class='ocrx_word' id='word_1_502' title='bbox 1377 1989 1442 2006; x_wconf 83' lang='lat' dir='ltr'><strong>suae</strong></span> <span class='ocrx_word' id='word_1_503' title='bbox 1463 1982 1627 2014; x_wconf 83' lang='lat' dir='ltr'><strong>integritati</strong></span> <span class='ocrx_word' id='word_1_504' title='bbox 1646 1982 1811 2007; x_wconf 80' lang='lat' dir='ltr'><strong>restitutum</strong></span> <span class='ocrx_word' id='word_1_505' title='bbox 1843 1990 1870 2015; x_wconf 91' lang='lat' dir='ltr'><strong>p.</strong></span> <span class='ocrx_word' id='word_1_506' title='bbox 1892 1989 1940 2015; x_wconf 83' lang='lat'><strong>521</strong></span> 
     </span>
    </p>
   </div>
   <div class='ocr_carea' id='block_1_18' title="bbox 1038 2048 1942 2213">
    <p class='ocr_par' dir='ltr' id='par_1_19' title="bbox 1038 2048 1942 2213">
     <span class='ocr_line' id='line_1_80' title="bbox 1038 2048 1942 2077; baseline 0.002 -4"><span class='ocrx_word' id='word_1_507' title='bbox 1038 2048 1193 2075; x_wconf 65' lang='lat' dir='ltr'><strong>GAusnam</strong></span> <span class='ocrx_word' id='word_1_508' title='bbox 1213 2050 1424 2076; x_wconf 49' lang='lat' dir='ltr'><strong>Mirm-snm</strong></span> <span class='ocrx_word' id='word_1_509' title='bbox 1442 2050 1590 2076; x_wconf 59' lang='lat' dir='ltr'><strong>Mensem</strong></span> <span class='ocrx_word' id='word_1_510' title='bbox 1604 2051 1806 2077; x_wconf 73' lang='lat' dir='ltr'><strong>Bmmmc&#39;rmr</strong></span> <span class='ocrx_word' id='word_1_511' title='bbox 1821 2052 1942 2077; x_wconf 60' lang='grc' dir='ltr'><strong>Μυονία</strong></span> 
     </span>
     <span class='ocr_line' id='line_1_81' title="bbox 1108 2091 1942 2126; baseline 0.001 -10"><span class='ocrx_word' id='word_1_512' title='bbox 1108 2091 1201 2117; x_wconf 66' lang='lat' dir='ltr'><strong>Sinala</strong></span> <span class='ocrx_word' id='word_1_513' title='bbox 1220 2092 1255 2117; x_wconf 89' lang='lat' dir='ltr'><strong>ad</strong></span> <span class='ocrx_word' id='word_1_514' title='bbox 1274 2092 1358 2117; x_wconf 87' lang='lat' dir='ltr'><strong>fidem</strong></span> <span class='ocrx_word' id='word_1_515' title='bbox 1372 2095 1499 2118; x_wconf 84' lang='lat' dir='ltr'><strong>veterum</strong></span> <span class='ocrx_word' id='word_1_516' title='bbox 1514 2093 1662 2118; x_wconf 86' lang='lat' dir='ltr'><strong>MStorum</strong></span> <span class='ocrx_word' id='word_1_517' title='bbox 1678 2093 1804 2126; x_wconf 70' lang='lat' dir='ltr'><strong>aJoamne</strong></span> <span class='ocrx_word' id='word_1_518' title='bbox 1817 2094 1942 2126; x_wconf 77' lang='lat' dir='ltr'><strong>Baptista</strong></span> 
     </span>
     <span class='ocr_line' id='line_1_82' title="bbox 1110 2136 1942 2169; baseline 0.001 -9"><span class='ocrx_word' id='word_1_519' title='bbox 1110 2136 1223 2160; x_wconf 70' lang='lat' dir='ltr'><strong>Carum</strong></span> <span class='ocrx_word' id='word_1_520' title='bbox 1240 2136 1338 2166; x_wconf 66' lang='lat' dir='ltr'><strong>edItag</strong></span> <span class='ocrx_word' id='word_1_521' title='bbox 1358 2136 1441 2161; x_wconf 89' lang='lat' dir='ltr'><strong>Nunc</strong></span> <span class='ocrx_word' id='word_1_522' title='bbox 1461 2137 1564 2161; x_wconf 89' lang='lat' dir='ltr'><strong>iterum</strong></span> <span class='ocrx_word' id='word_1_523' title='bbox 1584 2144 1647 2161; x_wconf 89' lang='lat' dir='ltr'><strong>cum</strong></span> <span class='ocrx_word' id='word_1_524' title='bbox 1667 2137 1812 2169; x_wconf 88' lang='lat' dir='ltr'><strong>prioribus</strong></span> <span class='ocrx_word' id='word_1_525' title='bbox 1837 2137 1942 2161; x_wconf 90' lang='lat' dir='ltr'><strong>editio-</strong></span> 
     </span>
     <span class='ocr_line' id='line_1_83' title="bbox 1110 2178 1941 2213; baseline 0.001 -10"><span class='ocrx_word' id='word_1_526' title='bbox 1110 2179 1194 2204; x_wconf 86' lang='lat' dir='ltr'><strong>nibus</strong></span> <span class='ocrx_word' id='word_1_527' title='bbox 1213 2178 1330 2208; x_wconf 86' lang='lat' dir='ltr'><strong>collata,</strong></span> <span class='ocrx_word' id='word_1_528' title='bbox 1349 2179 1506 2211; x_wconf 89' lang='lat' dir='ltr'><strong>multisque</strong></span> <span class='ocrx_word' id='word_1_529' title='bbox 1518 2180 1630 2204; x_wconf 82' lang='lat' dir='ltr'><strong>mendis</strong></span> <span class='ocrx_word' id='word_1_530' title='bbox 1648 2181 1806 2212; x_wconf 81' lang='lat' dir='ltr'><strong>expurgata</strong></span> <span class='ocrx_word' id='word_1_531' title='bbox 1843 2187 1870 2213; x_wconf 90' lang='lat' dir='ltr'><strong>p.</strong></span> <span class='ocrx_word' id='word_1_532' title='bbox 1891 2184 1941 2211; x_wconf 84' lang='lat'><strong>537</strong></span> 
     </span>
    </p>
   </div>
   <div class='ocr_carea' id='block_1_19' title="bbox 1037 2247 1943 2402">
    <p class='ocr_par' dir='ltr' id='par_1_20' title="bbox 1037 2247 1943 2402">
     <span class='ocr_line' id='line_1_84' title="bbox 1037 2247 1943 2282; baseline 0.001 -9"><span class='ocrx_word' id='word_1_533' title='bbox 1037 2248 1217 2273; x_wconf 61' lang='lat' dir='ltr'><strong>Annxaxmu</strong></span> <span class='ocrx_word' id='word_1_534' title='bbox 1235 2247 1382 2273; x_wconf 68' lang='lat' dir='ltr'><strong>Tnmsnn</strong></span> <span class='ocrx_word' id='word_1_535' title='bbox 1402 2247 1545 2274; x_wconf 87' lang='lat' dir='ltr'><strong>Coenobii</strong></span> <span class='ocrx_word' id='word_1_536' title='bbox 1565 2248 1689 2274; x_wconf 88' lang='lat' dir='ltr'><strong>Abbatis</strong></span> <span class='ocrx_word' id='word_1_537' title='bbox 1708 2250 1749 2274; x_wconf 79' lang='lat' dir='ltr'><strong>De</strong></span> <span class='ocrx_word' id='word_1_538' title='bbox 1768 2249 1846 2274; x_wconf 80' lang='lat' dir='ltr'><strong>rebus</strong></span> <span class='ocrx_word' id='word_1_539' title='bbox 1860 2250 1943 2282; x_wconf 67' lang='lat' dir='ltr'><strong>gestis</strong></span> 
     </span>
     <span class='ocr_line' id='line_1_85' title="bbox 1108 2290 1942 2324; baseline 0.001 -9"><span class='ocrx_word' id='word_1_540' title='bbox 1108 2291 1220 2323; x_wconf 72' lang='lat' dir='ltr'><strong>Rogerit</strong></span> <span class='ocrx_word' id='word_1_541' title='bbox 1243 2290 1355 2315; x_wconf 67' lang='lat' dir='ltr'><strong>Siciliae</strong></span> <span class='ocrx_word' id='word_1_542' title='bbox 1380 2292 1465 2323; x_wconf 58' lang='lat' dir='ltr'><strong>Regis</strong></span> <span class='ocrx_word' id='word_1_543' title='bbox 1490 2291 1556 2316; x_wconf 91' lang='lat' dir='ltr'><strong>libri</strong></span> <span class='ocrx_word' id='word_1_544' title='bbox 1583 2293 1715 2324; x_wconf 81' lang='lat' dir='ltr'><strong>quatuor,</strong></span> <span class='ocrx_word' id='word_1_545' title='bbox 1741 2292 1772 2317; x_wconf 85' lang='lat' dir='ltr'><strong>in</strong></span> <span class='ocrx_word' id='word_1_546' title='bbox 1799 2292 1942 2324; x_wconf 81' lang='lat' dir='ltr'><strong>praesenti</strong></span> 
     </span>
     <span class='ocr_line' id='line_1_86' title="bbox 1109 2333 1940 2367; baseline 0.001 -10"><span class='ocrx_word' id='word_1_547' title='bbox 1109 2333 1239 2358; x_wconf 87' lang='lat' dir='ltr'><strong>editione</strong></span> <span class='ocrx_word' id='word_1_548' title='bbox 1259 2340 1321 2358; x_wconf 89' lang='lat' dir='ltr'><strong>cum</strong></span> <span class='ocrx_word' id='word_1_549' title='bbox 1342 2334 1485 2359; x_wconf 81' lang='lat' dir='ltr'><strong>veteribus</strong></span> <span class='ocrx_word' id='word_1_550' title='bbox 1505 2334 1615 2363; x_wconf 86' lang='lat' dir='ltr'><strong>collati,</strong></span> <span class='ocrx_word' id='word_1_551' title='bbox 1636 2336 1664 2359; x_wconf 89' lang='lat' dir='ltr'><strong>et</strong></span> <span class='ocrx_word' id='word_1_552' title='bbox 1682 2341 1792 2359; x_wconf 80' lang='lat' dir='ltr'><strong>summa</strong></span> <span class='ocrx_word' id='word_1_553' title='bbox 1804 2333 1940 2367; x_wconf 78' lang='lat' dir='ltr'><strong>CapItum</strong></span> 
     </span>
     <span class='ocr_line' id='line_1_87' title="bbox 1110 2375 1941 2402; baseline 0.001 -3"><span class='ocrx_word' id='word_1_554' title='bbox 1110 2376 1146 2400; x_wconf 85' lang='lat' dir='ltr'><strong>ad</strong></span> <span class='ocrx_word' id='word_1_555' title='bbox 1178 2375 1332 2400; x_wconf 81' lang='lat' dir='ltr'><strong>Lectorum</strong></span> <span class='ocrx_word' id='word_1_556' title='bbox 1362 2376 1544 2401; x_wconf 88' lang='lat' dir='ltr'><strong>commodum</strong></span> <span class='ocrx_word' id='word_1_557' title='bbox 1580 2376 1714 2402; x_wconf 80' lang='lat' dir='ltr'><strong>dIstincti</strong></span> <span class='ocrx_word' id='word_1_558' title='bbox 1744 2383 1776 2401; x_wconf 88' lang='lat' dir='ltr'><strong>ac</strong></span> <span class='ocrx_word' id='word_1_559' title='bbox 1808 2377 1941 2400; x_wconf 86' lang='lat' dir='ltr'><strong>exornati</strong></span> 
     </span>
    </p>
   </div>
   <div class='ocr_carea' id='block_1_20' title="bbox 1039 2417 1942 2591">
    <p class='ocr_par' dir='ltr' id='par_1_21' title="bbox 1039 2417 1942 2591">
     <span class='ocr_line' id='line_1_88' title="bbox 1108 2417 1941 2451; baseline 0.001 -9"><span class='ocrx_word' id='word_1_560' title='bbox 1108 2434 1806 2444; x_wconf 81' lang='lat'><strong>................</strong></span> <span class='ocrx_word' id='word_1_561' title='bbox 1844 2425 1870 2451; x_wconf 87' lang='lat' dir='ltr'><strong>p.</strong></span> <span class='ocrx_word' id='word_1_562' title='bbox 1890 2417 1941 2451; x_wconf 89' lang='lat'><strong>607</strong></span> 
     </span>
     <span class='ocr_line' id='line_1_89' title="bbox 1039 2486 1942 2520; baseline 0.001 -9"><span class='ocrx_word' id='word_1_563' title='bbox 1039 2487 1175 2519; x_wconf 67' lang='lat' dir='ltr'><strong>EJusmzu</strong></span> <span class='ocrx_word' id='word_1_564' title='bbox 1194 2487 1364 2519; x_wconf 84' lang='lat' dir='ltr'><strong>Alloquium</strong></span> <span class='ocrx_word' id='word_1_565' title='bbox 1384 2487 1418 2512; x_wconf 81' lang='lat' dir='ltr'><strong>ad</strong></span> <span class='ocrx_word' id='word_1_566' title='bbox 1438 2486 1542 2519; x_wconf 88' lang='lat' dir='ltr'><strong>Regem</strong></span> <span class='ocrx_word' id='word_1_567' title='bbox 1563 2487 1720 2520; x_wconf 84' lang='lat' dir='ltr'><strong>Rogerium</strong></span> <span class='ocrx_word' id='word_1_568' title='bbox 1754 2503 1762 2512; x_wconf 82' lang='lat'><strong>.</strong></span> <span class='ocrx_word' id='word_1_569' title='bbox 1800 2506 1806 2512; x_wconf 91' lang='lat'><strong>.</strong></span> <span class='ocrx_word' id='word_1_570' title='bbox 1844 2495 1870 2520; x_wconf 91' lang='lat' dir='ltr'><strong>p.</strong></span> <span class='ocrx_word' id='word_1_571' title='bbox 1891 2486 1942 2520; x_wconf 83' lang='lat'><strong>644</strong></span> 
     </span>
     <span class='ocr_line' id='line_1_90' title="bbox 1039 2556 1941 2591; baseline 0.001 -11"><span class='ocrx_word' id='word_1_572' title='bbox 1039 2556 1134 2581; x_wconf 72' lang='lat' dir='ltr'><strong>Iunnx</strong></span> <span class='ocrx_word' id='word_1_573' title='bbox 1153 2556 1268 2586; x_wconf 87' lang='lat' dir='ltr'><strong>Rerum,</strong></span> <span class='ocrx_word' id='word_1_574' title='bbox 1288 2558 1317 2581; x_wconf 90' lang='lat' dir='ltr'><strong>et</strong></span> <span class='ocrx_word' id='word_1_575' title='bbox 1330 2556 1485 2581; x_wconf 88' lang='lat' dir='ltr'><strong>Nominum</strong></span> <span class='ocrx_word' id='word_1_576' title='bbox 1489 2573 1808 2582; x_wconf 81' lang='lat'><strong>........</strong></span> <span class='ocrx_word' id='word_1_577' title='bbox 1844 2564 1871 2589; x_wconf 89' lang='lat' dir='ltr'><strong>p.</strong></span> <span class='ocrx_word' id='word_1_578' title='bbox 1890 2556 1941 2591; x_wconf 81' lang='lat'><strong>⁶47</strong></span> 
     </span>
    </p>
   </div>
  </div>
 </body>
</html>
