2314 3418
85 254 137 288 [Α.
158 253 251 286 10651
459 245 533 281 DE
558 244 727 280 REBUS
756 242 933 280 GESTIS
960 241 1179 278 ROGERII
1208 239 1419 278 COMITIS
1447 240 1561 277 ETC.
1885 238 1931 278 47

88 323 108 330 .,
109 315 1918 329 .................................................................................................................................................................................................
1921 315 1932 319 -

82 369 170 402 rima
201 368 448 412 depopulando
480 373 702 401 vexaverunt.
748 368 807 407 At,
832 377 909 400 cum
933 366 1093 400 viderent
1115 377 1152 399 se
1183 376 1302 399 versus
1332 364 1453 398 urbem
1484 363 1627 396 minime
1658 369 1742 397 tunc
1773 362 1936 405 temporis

83 421 265 466 prevalere
289 431 403 464 posse,
427 427 542 454 castra
557 427 746 460 moventes,
771 419 961 464 Bugamum
974 420 983 436 ¹
1007 430 1211 464 oppugnare
1242 419 1383 459 vadunt,
1414 417 1618 461 civibusque
1650 416 1803 450 eiusdem
1829 415 1934 449 castri

86 475 261 508 enerviter
283 474 542 513 reluctantibus,
567 474 724 507 funditus
748 474 898 513 diruunt,
922 473 1053 507 incolas
1077 483 1194 506 omnes
1218 483 1296 506 cum
1327 471 1526 505 mulieribus
1558 477 1594 504 et
1623 470 1743 503 liberis
1773 469 1936 513 omnique

86 527 295 571 supellectili
317 538 379 560 sua
402 527 558 570 captivos
580 527 769 560 adducunt.
817 527 944 570 Sicque
968 537 1086 559 versus
1110 525 1305 559 Calabriam
1328 534 1484 558 remeare
1508 524 1674 563 volentes,
1697 523 1792 556 haud
1814 521 1939 565 procul

8 582 11 619 ζ
41 582 61 614 5
86 581 130 615 ab
152 581 389 625 Agrigentina
411 580 497 613 urbe
519 598 561 603 ——
585 581 635 613 sic
658 581 749 614 enim
773 580 841 612 illis
864 580 1034 613 directior
1057 579 1242 624 adjacebat
1257 579 1313 612 via
1329 597 1370 602 -——
1386 579 1535 612 tentoria
1549 578 1669 623 figunt.
1714 577 1825 610 Porro
1843 576 1938 610 cives

14 624 18 630 ⁴
84 634 238 668 eiusdem
260 633 364 675 urbis,
389 633 521 667 viribus
544 634 616 667 suis
637 634 715 676 plus
738 633 935 666 necessario
959 633 1182 670 confidentes,
1208 643 1270 675 per
1292 638 1411 675 portas
1433 631 1703 674 prorumpendo,
1735 631 1821 663 forti
1851 636 1938 663 stre-

85 687 161 730 pitu
183 697 289 730 super
310 686 389 719 illos
412 693 592 729 proruunt,
615 687 815 729 incautique
838 685 994 718 hostibus
1018 685 1177 718 cedendo
1201 686 1282 718 dum
1305 686 1455 728 fugiunt,
1478 683 1639 728 usquein
1655 689 1773 726 portas
1787 694 1868 716 suae
1885 683 1937 717 ci-

85 740 200 774 vitatis
221 746 487 783 persequuntur.
533 741 613 774 Dux
635 741 752 783 itaque
777 739 963 782 digressus,
987 738 1025 771 in
1048 738 1244 772 Calabriam
1268 738 1421 777 veniens,
1445 738 1703 780 expeditionem
1727 738 1844 770 solvit:
1868 737 1939 769 Bu-

27 798 29 800 ’
84 803 278 838 gamenses,
291 804 377 836 quos
390 794 548 836 captivos
560 794 763 832 adduxerat,
781 792 963 831 Scriblam,
980 803 1083 836 quam
1096 792 1345 831 desertaverat,
1356 797 1565 829 restaurans,
1577 790 1625 823 ibi
1638 791 1804 834 hospitari
1816 791 1902 823 fecit
1914 791 1937 824 ².

43 902 66 933 0
176 899 363 933 XXXVII.
388 918 425 923 -
453 899 556 932 Anno
580 909 664 933 vero
688 897 893 931 Dominicae
924 898 1171 931 incarnationis
1193 897 1336 930 MLXV
1358 897 1538 930 Policastri
1561 903 1708 930 castrum
1745 899 1937 935 destruens.

86 954 221 988 incolas
245 964 364 987 omnes
388 953 483 996 apud
506 954 689 986 Nicotrum
701 951 724 990 ³,
747 952 843 995 quod
865 952 941 994 ipso
973 962 1063 984 anno
1086 952 1306 990 fundaverat,
1341 951 1533 991 adducens,
1563 952 1611 985 ibi
1643 952 1810 995 hospitari
1840 953 1938 985 fecit.

32 1035 35 1037 .
87 1006 287 1051 Antequam
309 1008 374 1040 iret
396 1017 516 1040 versus
539 1006 758 1043 Panormum,
781 1006 851 1038 dux
873 1005 1063 1043 Robertus‚
1086 1011 1120 1037 et
1142 1006 1178 1037 in
1201 1011 1317 1037 monte
1340 1005 1583 1043 Tarantarum,
1598 1006 1694 1049 juxta
1717 1005 1938 1045 Panormum,

86 1061 236 1094 tentoria
258 1061 397 1099 fixisset,
421 1061 492 1094 dux
514 1066 549 1092 et
571 1069 689 1092 comes
710 1059 885 1102 Rogerius
907 1059 1002 1101 prius
1024 1058 1062 1091 in
1085 1058 1266 1100 provincia
1288 1057 1443 1091 Cusentii
1458 1064 1609 1091 castrum
1632 1059 1773 1102 quidem
1796 1058 1913 1102 Rogel
1928 1058 1938 1074 ⁴

14 1142 18 1154 μ
89 1120 379 1157 expugnaverunt
402 1119 436 1146 et
458 1122 522 1156 pro
547 1112 645 1145 libitu
669 1111 927 1145 ordinaverunt.
973 1111 1108 1144 Eodem
1131 1121 1222 1143 anno
1247 1116 1396 1143 castrum
1421 1112 1608 1154 quoddam,
1633 1113 1728 1155 quod
1751 1111 1867 1157 Ayel⁵
1884 1112 1939 1145 di-

16 1181 28 1201 s
44 1165 64 1198 5
89 1166 189 1204 citur,
210 1167 249 1199 in
264 1166 446 1209 provincia
467 1165 632 1205 Cusentii,
657 1165 727 1198 dux
741 1174 944 1207 oppugnare
961 1163 1101 1202 vadens,
1116 1173 1180 1206 per
1197 1169 1360 1206 quattuor
1375 1174 1509 1197 menses
1524 1165 1672 1198 obsedit.
1718 1165 1940 1209 'Ayellenses

26 1224 29 1227 ‘
87 1225 199 1252 autem
225 1226 325 1253 extra
347 1225 495 1253 castrum
518 1218 793 1262 progredientes,
819 1227 896 1249 cum
914 1217 1062 1250 vicinius
1077 1217 1227 1249 tentoria
1243 1217 1360 1250 hostes
1375 1218 1531 1261 figerent,
1548 1219 1742 1252 fundibulis
1757 1225 1792 1251 et
1808 1219 1943 1262 sagittis

89 1273 227 1317 longius
250 1273 447 1316 propellere
471 1272 642 1310 nituntur;
667 1271 786 1315 sicque
817 1282 860 1303 ex
891 1276 1036 1314 utraque
1067 1277 1166 1314 parte
1197 1276 1314 1303 mutua
1344 1272 1453 1304 caede
1484 1272 1622 1304 fortiter
1654 1273 1939 1316 congrediuntur.

88 1325 146 1364 At,
177 1327 259 1359 dum
290 1326 399 1358 nostri
429 1325 578 1358 maxima
607 1323 847 1368 indignatione
879 1324 1054 1362 commoti,
1085 1324 1251 1366 impetum
1274 1324 1310 1356 in
1333 1325 1450 1357 hostes
1472 1325 1655 1367 facientes,
1678 1325 1737 1358 ubi
1761 1326 1942 1358 densiores

14 1415 15 1418 Ἴ
89 1386 200 1418 erant,
222 1389 450 1423 prorumpere
473 1379 638 1417 nituntur,
662 1377 847 1421 Rogerius,
867 1377 957 1409 filius
979 1376 1178 1417 Scolcandi,
1201 1378 1317 1422 jaculo
1341 1379 1533 1417 confossus,
1551 1389 1640 1422 equo
1657 1379 1839 1424 dejicitur3
1863 1390 1941 1411 cum

12 1424 67 1466 JVO
90 1433 195 1466 etiam
220 1432 408 1471 Gilbertus,
431 1442 542 1475 nepos
565 1431 648 1471 eius,
670 1441 748 1464 eum
772 1430 928 1463 relevare
950 1436 1072 1467 tentat.
1097 1431 1266 1474 dejectus,
1289 1432 1425 1475 utrique
1456 1433 1672 1465 occiduntur.
1719 1433 1771 1465 De
1796 1444 1941 1476 quorum

14 1482 16 1486 ’
89 1495 178 1519 nece
203 1487 273 1519 dux
296 1497 374 1519 cum
399 1486 494 1519 omni
519 1485 675 1518 exercitu
697 1494 767 1517 non
790 1484 963 1516 modicum
986 1484 1187 1516 turbantur:
1203 1490 1302 1517 erant
1319 1485 1410 1517 enim
1426 1485 1520 1517 inter
1535 1485 1724 1518 familiares
1746 1486 1810 1518 sibi
1836 1487 1942 1518 caris-

89 1539 178 1573 simi.
225 1540 353 1572 Eorum
378 1549 525 1582 corpora
549 1539 642 1581 apud
665 1538 828 1571 Sanctam
851 1537 1093 1580 Euphemiam,
1116 1537 1174 1570 ubi
1199 1544 1282 1570 tunc
1313 1538 1450 1570 abbatia
1474 1539 1508 1570 in
1539 1539 1671 1572 honore
1696 1539 1845 1572 Sanctae
1876 1541 1941 1572 Dei

91 1593 279 1626 Genitricis
295 1594 430 1626 Mariae
446 1592 584 1625 noviter
605 1593 770 1634 incoepta
791 1591 1047 1631 instituebatur,
1070 1591 1245 1624 humanda
1267 1592 1463 1624 mandavit:
1488 1602 1596 1635 equos
1620 1598 1655 1625 et
1678 1599 1829 1632 coetera,
1853 1604 1942 1636 quae

91 1646 279 1685 habebant,
303 1645 415 1679 eidem
440 1645 609 1678 ecclesiae
632 1655 696 1687 pro
719 1645 871 1688 ipsorum
895 1644 1086 1678 salvatione
1111 1643 1283 1677 'contulit.

48 1698 67 1732 5
178 1699 388 1743 Ayellenses
410 1699 539 1743 itaque,
563 1704 816 1742 cognoscentes
845 1709 910 1741 pro
931 1698 994 1731 tali
1024 1704 1059 1731 et
1081 1698 1251 1731 similibus
1273 1699 1378 1732 factis
1402 1700 1529 1732 ducem
1551 1710 1625 1732 sese
1649 1700 1805 1743 graviter
1828 1700 1942 1732 offen-

89 1753 192 1793 disse,
214 1763 338 1796 pacem
360 1752 404 1785 ab
428 1753 505 1795 ipso
529 1758 710 1794 expetunt,
733 1762 788 1790 ne,
811 1752 839 1784 si
862 1751 1011 1784 rebelles
1034 1751 1266 1794 persistendo,
1291 1752 1325 1784 vi
1343 1758 1563 1795 caperentur,
1580 1752 1624 1785 ab
1640 1753 1691 1786 ira
1708 1753 1795 1793 eius,
1812 1753 1942 1797 absque

89 1806 335 1840 recordatione
358 1806 504 1839 alicuius
527 1806 666 1848 pietatis
689 1824 731 1829 —
754 1812 792 1838 ut
815 1805 930 1838 meriti
951 1811 1052 1839 erant
1074 1823 1116 1828 —-
1141 1816 1261 1838 omnes
1283 1806 1415 1848 pariter
1437 1807 1700 1848 perimerentur.
1746 1808 1825 1840 Dux
1851 1819 1944 1846 vero,

91 1859 248 1905 quamvis
270 1860 439 1892 anhelans
462 1865 552 1892 esset
576 1870 654 1901 cum
678 1860 857 1903 suppliciis
880 1860 924 1892 de
948 1859 1031 1903 ipsis
1053 1859 1220 1893 ultionem
1242 1866 1418 1903 expetere,
1441 1866 1567 1898 tamen,
1590 1870 1635 1893 ne
1659 1860 1707 1893 ibi
1732 1861 1859 1894 diutius
1882 1873 1944 1904 pe-

90 1911 320 1951 rendinando,
344 1912 431 1945 alias
452 1913 595 1946 tandem
618 1913 815 1951 intendens,
839 1913 1087 1952 demoraretur,
1110 1923 1234 1956 pacem
1258 1923 1336 1946 cum
1359 1913 1442 1956 ipsis
1458 1913 1562 1952 fecit;
1580 1920 1810 1958 castrumque,
1826 1915 1870 1948 ab
1894 1916 1945 1948 eis

33 1972 63 1994 2⁸
92 1966 332 2005 deliberatum,
355 1966 496 2008 accepit
520 1972 554 1999 et
576 1976 641 2009 pro
665 1965 765 1999 libitu
788 1975 850 1998 suo
873 1965 1053 2008 disposuit.

179 2073 383 2107 XXXVIII.
408 2092 450 2097 -
473 2074 599 2107 Comes
620 2083 704 2106 vero
719 2073 904 2117 Rogerius,
920 2073 1158 2117 adquirendae
1176 2074 1317 2108 Siciliae
1334 2075 1494 2114 intentus,
1511 2075 1635 2119 quietis
1650 2075 1834 2118 impatiens
1850 2082 1924 2109 erat
1938 2089 1946 2114 ;

94 2127 277 2171 omniaque
300 2127 524 2170 perlustrans.
548 2127 681 2160 crebris
704 2126 958 2160 incursionibus
980 2128 1199 2166 deterrebat;
1222 2128 1259 2160 in
1282 2134 1484 2172 tantumque
1502 2140 1545 2162 ex
1560 2129 1810 2163 consuetudine
1827 2130 1939 2163 labori

41 2191 44 2206 ὲ
95 2180 280 2214 continuus
301 2186 385 2219 erat,
407 2186 446 2214 ut
469 2180 550 2213 hinc
574 2191 640 2213 nec
664 2180 827 2213 infestior
856 2191 940 2213 aura
969 2192 1037 2214 nec
1067 2182 1221 2214 coecitas
1253 2182 1421 2215 obscurae
1454 2183 1565 2216 noctis
1596 2183 1775 2217 dehortari
1805 2190 1943 2226 posset:

94 2233 179 2277 quin
201 2233 245 2266 de
276 2233 355 2266 loco
386 2234 433 2267 ad
463 2234 578 2266 locum
607 2233 815 2273 transiliens,
847 2244 910 2276 per
941 2244 977 2267 se
1009 2234 1120 2276 ipsum
1155 2235 1270 2268 omnia
1306 2241 1501 2276 attentaret,
1532 2237 1673 2280 eiusque
1702 2237 1944 2279 praesentiam,

34 2284 71 2319 ·5
93 2286 275 2330 plusquam
301 2286 427 2325 omnia,
459 2286 575 2319 hostes
605 2286 861 2325 exhorrebant;
891 2286 929 2319 in
961 2293 1160 2331 tantumque
1191 2289 1265 2320 eius
1295 2288 1408 2321 veloci
1439 2289 1640 2332 frequentia
1670 2288 1946 2330 deterrebantur,

41 2437 44 2440 .
189 2425 211 2443 ι.
236 2418 461 2452 depopulatione
480 2417 538 2442 PC
555 2429 564 2436 ·
590 2418 688 2443 vident
708 2418 732 2442 Ρ
752 2432 786 2436 -
812 2424 836 2450 7.
862 2419 1048 2451 incautosque
1073 2419 1200 2444 hostium
1225 2420 1346 2445 tacendo
1372 2421 1439 2445 dum
1466 2421 1576 2456 fingunt
1603 2422 1629 2445 Ρ
1652 2435 1684 2438 -
1710 2420 1764 2453 8-9.
1790 2421 1944 2454 Bugamen-

46 2489 48 2492 v
98 2467 195 2493 sesque
213 2460 238 2485 Ρ
254 2474 286 2479 -
308 2467 348 2485 10.
367 2459 489 2485 MLXIV
508 2461 538 2485 D
558 2473 566 2478 -
586 2461 776 2486 Policastrum
793 2461 821 2484 P
838 2474 871 2480 —
894 2468 933 2486 11.
954 2462 1087 2487 fundavit
1106 2462 1134 2486 Ρ
1151 2475 1162 2481 ·
1182 2462 1212 2486 in
1233 2463 1270 2490 Β.
1288 2470 1302 2486 e
1320 2463 1420 2494 quinat·
1437 2465 1518 2489 anche
1536 2465 1567 2489 ln
1591 2465 1626 2495 D,
1650 2464 1714 2495 dopo
1740 2464 1808 2488 fecit
1831 2471 1946 2496 seguono

11 2507 13 2511 ⁴
47 2506 58 2538 35
97 2505 186 2534 quem
198 2502 306 2535 parole:
324 2502 372 2527 hic
391 2503 471 2527 locus
489 2503 532 2527 est
550 2502 622 2527 ordo
642 2500 681 2536 [D
698 2502 745 2528 hic
764 2504 806 2528 est
818 2501 902 2537 ordo]
916 2503 984 2528 libri
1003 2504 1148 2534 confusus,
1168 2504 1192 2528 le
1210 2504 1288 2535 quale
1303 2506 1454 2530 vorrebbero
1467 2505 1544 2536 forse
1555 2505 1745 2536 riferirsialla
1757 2506 1946 2530 distributione

49 2555 51 2558 ⁴
97 2543 168 2570 della
186 2546 298 2570 muria
311 2557 345 2563 —
362 2544 397 2568 sd
412 2545 442 2569 {n
461 2547 549 2576 quem
566 2552 623 2570 caso
635 2552 651 2568 a
669 2547 737 2570 torto
754 2559 797 2576 —‚
816 2553 859 2570 ma
877 2553 928 2571 non
947 2546 976 2570 al
992 2548 1063 2575 testo,
1081 2546 1127 2570 clue
1144 2547 1171 2571 ci
1187 2547 1286 2572 rlsulta
1302 2550 1413 2571 corneto
1430 2556 1444 2572 e
1461 2549 1582 2573 continuo
1601 2548 1683 2572 merci
1702 2547 1725 2572 il
1741 2547 1865 2572 contnuo
1884 2548 1951 2571 die

51 2606 62 2612 ,.
98 2586 155 2612 ιδ(
167 2587 235 2612 c—
250 2593 291 2612 12.
303 2586 457 2612 Tarantini
475 2588 539 2612 BD
557 2600 566 2606 -
585 2589 668 2621 Juxta
686 2588 858 2612 Panormum
876 2595 924 2613 om.
944 2588 1001 2612 PC
1018 2601 1051 2607 —·
1073 2596 1112 2622 13.
1132 2588 1235 2622 Rogel]
1254 2589 1361 2621 Regale
1380 2591 1420 2620 P;
1439 2590 1529 2615 Ravel
1550 2590 1616 2615 BD
1630 2604 1661 2607 —
1677 2589 1718 2614 16.
1731 2597 1795 2614 cum
1808 2589 1947 2622 vicinius]

54 2640 55 2645 =
98 2628 147 2654 ubl
168 2629 233 2654 BD
251 2641 262 2647 ·
280 2628 410 2662 figerent]
429 2629 549 2654 fixerant
568 2630 632 2655 BD
650 2643 683 2648 —
704 2635 745 2661 17.
763 2630 859 2655 hostes
878 2631 1037 2663 propellere
1055 2631 1081 2654 B
1099 2644 1131 2649 -
1155 2637 1242 2664 17-19.
1261 2631 1429 2664 Slcque....
1455 2639 1637 2666 prorumpere
1662 2632 1795 2657 nituntur
1815 2640 1863 2656 om.
1884 2633 1948 2657 BD

99 2683 133 2690 —-
154 2677 196 2704 19.
214 2670 364 2696 Scotlandi
387 2671 426 2702 C,-
445 2671 590 2696 Scodandi
609 2672 635 2696 B
653 2685 685 2690 -—
706 2678 748 2696 20.
768 2671 943 2697 Gtsslbertus
969 2673 994 2696 Ρ
1010 2685 1041 2690 -
1063 2679 1105 2698 21.
1123 2681 1178 2705 qua
1196 2674 1224 2698 D
1243 2687 1253 2692 -
1273 2674 1391 2698 minime
1411 2675 1520 2699 turbati
1539 2675 1564 2698 P
1579 2688 1611 2692 -—
1639 2681 1680 2706 ²3·
1699 2674 1807 2698 Mariae
1824 2682 1874 2698 om.
1893 2674 1918 2697 Β
1939 2688 1947 2692 -

50 2711 73 2746 ᾖ.
100 2714 316 2739 construebatur
334 2713 361 2738 Β
370 2713 399 2738 D
417 2727 448 2731 -—
470 2719 512 2746 24.
531 2713 584 2738 tali
604 2714 659 2738 PB
679 2727 711 2732 --
725 2721 768 2747 ²7·
780 2714 979 2739 emendatione
992 2715 1108 2748 pietatis»
1122 2717 1152 2742 D
1165 2730 1196 2734 —
1211 2715 1254 2741 28.
1266 2716 1405 2741 hanelans
1418 2717 1444 2740 B
1456 2730 1468 2735 -
1481 2717 1523 2741 ibi
1536 2724 1584 2742 om.
1600 2717 1624 2740 Ρ
1635 2729 1666 2734 -
1682 2723 1724 2748 ²9·
1737 2716 1851 2740 tandem
1864 2724 1915 2741 om.
1929 2716 1954 2739 Ρ

56 2752 71 2770 ·’
99 2767 110 2774 -
129 2755 349 2784 demorarentur,
369 2763 451 2788 paces
470 2756 495 2779 Ρ
510 2769 543 2774 -
563 2762 606 2788 30.
624 2756 726 2789 accipi,
747 2763 798 2789 pro
818 2756 844 2779 P
859 2770 892 2775 —
911 2763 953 2789 31.
971 2756 1141 2789 adquirendi
1160 2757 1291 2783 Siciliam
1311 2759 1337 2782 B
1357 2773 1388 2776 —
1408 2765 1452 2791 3²·
1471 2759 1569 2783 omnia
1594 2759 1618 2782 Ρ
1640 2771 1650 2776 -
1675 2758 1839 2783 decurrebat
1863 2759 1889 2782 B
1916 2772 1949 2776 -—

101 2803 190 2831 3²·33·
209 2806 243 2823 ex
263 2798 469 2823 consuetudine
488 2798 582 2823 labori
602 2796 768 2832 continuus]
788 2806 823 2823 ex
843 2799 1058 2825 incursionibus
1077 2801 1226 2825 continuis
1245 2801 1272 2825 B
1284 2802 1311 2825 D
1329 2815 1361 2820 —-
1381 2808 1424 2834 33.
1445 2801 1507 2834 nec]
1528 2809 1562 2825 ve
1580 2801 1608 2826 Ρ
1625 2814 1635 2819 -
1656 2799 1733 2834 nura]
1752 2803 1823 2825 esset
1844 2802 1872 2826 P

186 2898 193 2915 ¹
213 2901 349 2934 Bagamo,
368 2901 496 2931 castello,
516 2902 582 2933 oggi
604 2908 781 2935 scomparso,
800 2909 816 2927 a
835 2901 877 2927 sel
890 2902 991 2935 miglis
1046 2909 1125 2935 prov.
1145 2903 1176 2928 di
1196 2903 1371 2929 Catanzaro.

99 2941 134 2968 da
153 2941 297 2976 Gli-genti.
1134 2947 1145 2963 ⁴
1166 2936 1186 2970 ὲ
1212 2946 1327 2970 difficile
1356 2945 1533 2970 identificare
1562 2947 1662 2977 questo
1689 2946 1755 2970 sito.
1793 2945 1879 2971 Forse
1912 2948 1948 2971 ri-

185 2983 197 3002 ¹
216 2985 286 3010 [υτ.
305 2986 449 3011 Paorosr.
468 2987 525 3017 cit.‚
547 2987 586 3010 ad
602 2995 644 3011 an.
668 2986 744 3018 1065.
998 2993 1001 2997 ·
1045 2988 1154 3021 sponde
1173 2988 1342 3014 all'odierna
1361 2987 1517 3020 Rogilano,
1538 2988 1568 3012 in
1588 2994 1670 3020 prov.
1690 2988 1720 3012 dl
1740 2987 1879 3013 Cosenzn.

185 3025 197 3044 ⁸
221 3027 388 3058 penca-tro,
414 3029 445 3053 ln
472 3035 551 3061 prov.
577 3029 606 3053 dl
631 3028 770 3059 suerum
798 3029 939 3059 NIcotera,
960 3030 990 3055 ln
1133 3029 1143 3045 ⁵
1163 3031 1261 3065 Ajello
1282 3029 1418 3060 CalabrO,
1441 3032 1469 3054 in
1491 3036 1574 3061 prov.
1594 3029 1621 3054 dl
1643 3029 1780 3055 Cosenza.

8 2883 21 2959 Ξ
55 2899 57 2901 ,

7 2961 21 3048 ξ

2005 908 2080 931 Mum,
2097 913 2132 933 57¹

2018 1176 2045 1198 D,
2064 1182 2102 1197 loo
2111 1182 2125 1195 ν

2021 1658 2043 1680 C,
2062 1663 2086 1678 22
2096 1664 2110 1677 r

1981 2911 2010 2937 ις
