<?xml version="1.0" encoding="UTF-8"?>
<!DOCTYPE html PUBLIC "-//W3C//DTD XHTML 1.0 Transitional//EN"
    "http://www.w3.org/TR/xhtml1/DTD/xhtml1-transitional.dtd">
<html xmlns="http://www.w3.org/1999/xhtml" xml:lang="en" lang="en">
 <head>
  <title>
</title>
<meta http-equiv="Content-Type" content="text/html;charset=utf-8" />
  <meta name='ocr-system' content='tesseract 3.04.00' />
  <meta name='ocr-capabilities' content='ocr_page ocr_carea ocr_par ocr_line ocrx_word'/>
</head>
<body>
  <div class='ocr_page' id='page_1' title='image "./rerumitalicarums51murauoft_0013.png"; bbox 0 0 2358 3502; ppageno 0'>
   <div class='ocr_carea' id='block_1_1' title="bbox 652 456 1858 568">
    <p class='ocr_par' dir='ltr' id='par_1_1' title="bbox 652 456 1858 568">
     <span class='ocr_line' id='line_1_1' title="bbox 1792 469 1858 505; baseline -0.015 0"><span class='ocrx_word' id='word_1_1' title='bbox 1792 469 1827 505; x_wconf 49' lang='lat' dir='ltr'>A*</span> <span class='ocrx_word' id='word_1_2' title='bbox 1855 502 1858 504; x_wconf 85' lang='lat'>.</span> 
     </span>
     <span class='ocr_line' id='line_1_2' title="bbox 652 456 1851 568; baseline 0.001 -1"><span class='ocrx_word' id='word_1_3' title='bbox 652 529 856 568; x_wconf 74' lang='lat' dir='ltr'>EMIN.M0</span> <span class='ocrx_word' id='word_1_4' title='bbox 885 533 959 567; x_wconf 85' lang='lat' dir='ltr'>Ac</span> <span class='ocrx_word' id='word_1_5' title='bbox 989 529 1165 568; x_wconf 75' lang='lat' dir='ltr'><strong>REV.M0</strong></span> <span class='ocrx_word' id='word_1_6' title='bbox 1193 532 1436 568; x_wconf 85' lang='lat' dir='ltr'><strong>PRINCIPI</strong></span> <span class='ocrx_word' id='word_1_7' title='bbox 1708 456 1851 535; x_wconf 43' lang='lat' dir='ltr'>{s</span> 
     </span>
    </p>
   </div>
   <div class='ocr_carea' id='block_1_2' title="bbox 234 620 1851 694">
    <p class='ocr_par' dir='ltr' id='par_1_2' title="bbox 234 620 1851 694">
     <span class='ocr_line' id='line_1_3' title="bbox 234 620 1851 694; baseline 0.003 -11"><span class='ocrx_word' id='word_1_8' title='bbox 234 620 750 686; x_wconf 83' lang='lat' dir='ltr'><strong>BENEDICTO</strong></span> <span class='ocrx_word' id='word_1_9' title='bbox 805 621 1164 694; x_wconf 85' lang='lat' dir='ltr'>HERBAE</span> <span class='ocrx_word' id='word_1_10' title='bbox 1219 622 1851 688; x_wconf 80' lang='lat' dir='ltr'><strong>ODESCALCHO</strong></span> 
     </span>
    </p>
   </div>
   <div class='ocr_carea' id='block_1_3' title="bbox 593 733 1491 850">
    <p class='ocr_par' dir='ltr' id='par_1_3' title="bbox 593 733 1491 850">
     <span class='ocr_line' id='line_1_4' title="bbox 778 733 1316 769; baseline 0 -1"><span class='ocrx_word' id='word_1_11' title='bbox 778 733 816 769; x_wconf 90' lang='lat' dir='ltr'>S.</span> <span class='ocrx_word' id='word_1_12' title='bbox 847 733 896 768; x_wconf 82' lang='lat' dir='ltr'>R.</span> <span class='ocrx_word' id='word_1_13' title='bbox 926 733 971 768; x_wconf 91' lang='lat' dir='ltr'>E.</span> <span class='ocrx_word' id='word_1_14' title='bbox 1003 733 1316 769; x_wconf 91' lang='lat' dir='ltr'><strong>CARDINALI</strong></span> 
     </span>
     <span class='ocr_line' id='line_1_5' title="bbox 593 813 1491 850; baseline 0 -2"><span class='ocrx_word' id='word_1_15' title='bbox 593 813 1033 850; x_wconf 91' lang='lat' dir='ltr'>ARCHIEPISCOPO</span> <span class='ocrx_word' id='word_1_16' title='bbox 1066 813 1442 850; x_wconf 90' lang='lat' dir='ltr'>MEDIOLANEN</span> <span class='ocrx_word' id='word_1_17' title='bbox 1446 814 1491 850; x_wconf 89' lang='lat' dir='ltr'>SI</span> 
     </span>
    </p>
   </div>
   <div class='ocr_carea' id='block_1_4' title="bbox 711 985 1370 1102">
    <p class='ocr_par' dir='ltr' id='par_1_4' title="bbox 711 985 1370 1102">
     <span class='ocr_line' id='line_1_6' title="bbox 711 985 1370 1022; baseline 0.002 -1"><span class='ocrx_word' id='word_1_18' title='bbox 711 985 999 1022; x_wconf 89' lang='lat' dir='ltr'>PHILIPPUS</span> <span class='ocrx_word' id='word_1_19' title='bbox 1028 985 1370 1022; x_wconf 87' lang='lat' dir='ltr'><strong>ARGELATUS</strong></span> 
     </span>
     <span class='ocr_line' id='line_1_7' title="bbox 943 1066 1138 1102; baseline -0.01 0"><span class='ocrx_word' id='word_1_20' title='bbox 943 1066 982 1102; x_wconf 90' lang='lat' dir='ltr'>S.</span> <span class='ocrx_word' id='word_1_21' title='bbox 1013 1066 1058 1101; x_wconf 90' lang='lat' dir='ltr'>P.</span> <span class='ocrx_word' id='word_1_22' title='bbox 1088 1066 1138 1101; x_wconf 92' lang='lat' dir='ltr'>D.</span> 
     </span>
    </p>
   </div>
   <div class='ocr_carea' id='block_1_5' title="bbox 108 1203 1971 1516">
    <p class='ocr_par' dir='ltr' id='par_1_5' title="bbox 357 1221 1971 1272">
     <span class='ocr_line' id='line_1_8' title="bbox 357 1221 1971 1272; baseline 0.001 -12"><span class='ocrx_word' id='word_1_23' title='bbox 357 1233 573 1260; x_wconf 75' lang='lat' dir='ltr'>RAECLARA</span> <span class='ocrx_word' id='word_1_24' title='bbox 601 1221 774 1270; x_wconf 88' lang='lat' dir='ltr'><strong>equidem</strong></span> <span class='ocrx_word' id='word_1_25' title='bbox 802 1222 996 1268; x_wconf 88' lang='lat' dir='ltr'>sententia,</span> <span class='ocrx_word' id='word_1_26' title='bbox 1025 1234 1119 1270; x_wconf 90' lang='lat' dir='ltr'>quae</span> <span class='ocrx_word' id='word_1_27' title='bbox 1148 1224 1185 1258; x_wconf 89' lang='lat' dir='ltr'>in</span> <span class='ocrx_word' id='word_1_28' title='bbox 1223 1235 1423 1259; x_wconf 89' lang='lat' dir='ltr'>commune</span> <span class='ocrx_word' id='word_1_29' title='bbox 1461 1223 1597 1259; x_wconf 89' lang='lat' dir='ltr'>deinde</span> <span class='ocrx_word' id='word_1_30' title='bbox 1634 1224 1743 1260; x_wconf 87' lang='lat' dir='ltr'>cessit</span> <span class='ocrx_word' id='word_1_31' title='bbox 1781 1224 1971 1272; x_wconf 83' lang='lat' dir='ltr'>adagium,</span> 
     </span>
    </p>

    <p class='ocr_par' dir='ltr' id='par_1_6' title="bbox 160 1203 1971 1431">
     <span class='ocr_line' id='line_1_9' title="bbox 160 1203 1971 1393; baseline 0.002 -55"><span class='ocrx_word' id='word_1_32' title='bbox 160 1203 317 1393; x_wconf 82' lang='grc' dir='ltr'><em>Ρ</em></span> <span class='ocrx_word' id='word_1_33' title='bbox 382 1304 495 1340; x_wconf 86' lang='lat' dir='ltr'>fertur</span> <span class='ocrx_word' id='word_1_34' title='bbox 521 1303 612 1339; x_wconf 91' lang='lat' dir='ltr'>olim</span> <span class='ocrx_word' id='word_1_35' title='bbox 643 1304 891 1350; x_wconf 86' lang='lat' dir='ltr'>Anaxagoras</span> <span class='ocrx_word' id='word_1_36' title='bbox 926 1304 1023 1339; x_wconf 88' lang='lat' dir='ltr'>inter</span> <span class='ocrx_word' id='word_1_37' title='bbox 1060 1303 1227 1340; x_wconf 85' lang='lat' dir='ltr'>Graecos</span> <span class='ocrx_word' id='word_1_38' title='bbox 1263 1304 1553 1351; x_wconf 88' lang='lat' dir='ltr'>sapientissimus</span> <span class='ocrx_word' id='word_1_39' title='bbox 1588 1305 1770 1341; x_wconf 87' lang='lat' dir='ltr'><strong>Periclem</strong></span> <span class='ocrx_word' id='word_1_40' title='bbox 1809 1307 1971 1342; x_wconf 87' lang='lat' dir='ltr'>amicum</span> 
     </span>
     <span class='ocr_line' id='line_1_10' title="bbox 382 1385 1969 1431; baseline 0.003 -12"><span class='ocrx_word' id='word_1_41' title='bbox 382 1396 487 1420; x_wconf 84' lang='lat' dir='ltr'>suum</span> <span class='ocrx_word' id='word_1_42' title='bbox 502 1385 737 1431; x_wconf 79' lang='lat' dir='ltr'>corripuisse:</span> <span class='ocrx_word' id='word_1_43' title='bbox 756 1387 784 1419; x_wconf 93' lang='grc' dir='ltr'>Ω</span> <span class='ocrx_word' id='word_1_44' title='bbox 802 1386 1065 1427; x_wconf 86' lang='grc' dir='ltr'><strong>ΠΕΡΙΚΛΕΙΣ,</strong></span> <span class='ocrx_word' id='word_1_45' title='bbox 1084 1386 1162 1420; x_wconf 91' lang='grc' dir='ltr'>ΚΑΙ</span> <span class='ocrx_word' id='word_1_46' title='bbox 1179 1387 1226 1420; x_wconf 93' lang='lat' dir='ltr'>OI</span> <span class='ocrx_word' id='word_1_47' title='bbox 1244 1387 1335 1420; x_wconf 92' lang='lat' dir='ltr'>TOY</span> <span class='ocrx_word' id='word_1_48' title='bbox 1351 1388 1540 1422; x_wconf 88' lang='lat' dir='ltr'><strong>AYXNOY</strong></span> <span class='ocrx_word' id='word_1_49' title='bbox 1555 1388 1728 1421; x_wconf 89' lang='lat' dir='ltr'><strong>XPEIAN</strong></span> <span class='ocrx_word' id='word_1_50' title='bbox 1745 1389 1969 1431; x_wconf 84' lang='grc' dir='ltr'><strong>ΕΧΟΝΤΕΣ,</strong></span> 
     </span>
    </p>

    <p class='ocr_par' dir='ltr' id='par_1_7' title="bbox 108 1465 1968 1516">
     <span class='ocr_line' id='line_1_11' title="bbox 108 1465 1968 1516; baseline 0.002 -14"><span class='ocrx_word' id='word_1_51' title='bbox 108 1468 281 1502; x_wconf 79' lang='grc' dir='ltr'><strong>ΕΛΑΙΟΝ</strong></span> <span class='ocrx_word' id='word_1_52' title='bbox 305 1467 608 1502; x_wconf 76' lang='grc' dir='ltr'>ΕΠΙΧΕΟΥΣΙΝι</span> <span class='ocrx_word' id='word_1_53' title='bbox 637 1465 710 1502; x_wconf 92' lang='lat' dir='ltr'>hoc</span> <span class='ocrx_word' id='word_1_54' title='bbox 739 1471 812 1501; x_wconf 89' lang='lat' dir='ltr'>est:</span> <span class='ocrx_word' id='word_1_55' title='bbox 848 1465 881 1501; x_wconf 90' lang='lat'><em>0</em></span> <span class='ocrx_word' id='word_1_56' title='bbox 908 1465 1090 1501; x_wconf 81' lang='lat' dir='ltr'>Pericles:</span> <span class='ocrx_word' id='word_1_57' title='bbox 1117 1466 1184 1514; x_wconf 80' lang='lat' dir='ltr'>qui</span> <span class='ocrx_word' id='word_1_58' title='bbox 1209 1466 1357 1501; x_wconf 80' lang='lat' dir='ltr'>lucerna</span> <span class='ocrx_word' id='word_1_59' title='bbox 1385 1470 1496 1516; x_wconf 78' lang='lat' dir='ltr'>egent</span> <span class='ocrx_word' id='word_1_60' title='bbox 1521 1466 1729 1516; x_wconf 78' lang='lat' dir='ltr'>infundunt</span> <span class='ocrx_word' id='word_1_61' title='bbox 1747 1469 1877 1504; x_wconf 81' lang='lat' dir='ltr'>oleum.</span> <span class='ocrx_word' id='word_1_62' title='bbox 1934 1470 1968 1505; x_wconf 92' lang='lat' dir='ltr'>Is</span> 
     </span>
    </p>
   </div>
   <div class='ocr_carea' id='block_1_6' title="bbox 109 1190 118 1434">
    <p class='ocr_par' dir='ltr' id='par_1_8' title="bbox 109 1190 118 1434">
     <span class='ocr_line' id='line_1_12' title="bbox 109 1190 118 1434; baseline 0 2068"><span class='ocrx_word' id='word_1_63' title='bbox 109 1190 118 1434; x_wconf 95' lang='lat' dir='ltr'> </span> 
     </span>
    </p>
   </div>
   <div class='ocr_carea' id='block_1_7' title="bbox 105 1546 1968 1596">
    <p class='ocr_par' dir='ltr' id='par_1_9' title="bbox 105 1546 1968 1596">
     <span class='ocr_line' id='line_1_13' title="bbox 105 1546 1968 1596; baseline 0.002 -15"><span class='ocrx_word' id='word_1_64' title='bbox 105 1546 214 1590; x_wconf 86' lang='lat' dir='ltr'>enim,</span> <span class='ocrx_word' id='word_1_65' title='bbox 242 1551 336 1583; x_wconf 89' lang='lat' dir='ltr'>teste</span> <span class='ocrx_word' id='word_1_66' title='bbox 363 1546 574 1591; x_wconf 85' lang='lat' dir='ltr'>Plutarcho,</span> <span class='ocrx_word' id='word_1_67' title='bbox 605 1558 691 1582; x_wconf 91' lang='lat' dir='ltr'>cum.</span> <span class='ocrx_word' id='word_1_68' title='bbox 718 1546 755 1581; x_wconf 89' lang='lat' dir='ltr'>in</span> <span class='ocrx_word' id='word_1_69' title='bbox 782 1546 1073 1582; x_wconf 86' lang='lat' dir='ltr'>administranda</span> <span class='ocrx_word' id='word_1_70' title='bbox 1102 1546 1312 1593; x_wconf 87' lang='lat' dir='ltr'>Republica</span> <span class='ocrx_word' id='word_1_71' title='bbox 1341 1547 1524 1583; x_wconf 89' lang='lat' dir='ltr'><strong>Periclem</strong></span> <span class='ocrx_word' id='word_1_72' title='bbox 1545 1547 1712 1594; x_wconf 87' lang='lat' dir='ltr'>consilio,</span> <span class='ocrx_word' id='word_1_73' title='bbox 1735 1555 1772 1585; x_wconf 92' lang='lat' dir='ltr'>et</span> <span class='ocrx_word' id='word_1_74' title='bbox 1790 1549 1968 1596; x_wconf 88' lang='lat' dir='ltr'>sapientia</span> 
     </span>
    </p>
   </div>
   <div class='ocr_carea' id='block_1_8' title="bbox 103 1626 1967 1676">
    <p class='ocr_par' dir='ltr' id='par_1_10' title="bbox 103 1626 1967 1676">
     <span class='ocr_line' id='line_1_14' title="bbox 103 1626 1967 1676; baseline 0.002 -14"><span class='ocrx_word' id='word_1_75' title='bbox 103 1638 168 1663; x_wconf 88' lang='lat' dir='ltr'>sua</span> <span class='ocrx_word' id='word_1_76' title='bbox 195 1627 395 1674; x_wconf 86' lang='lat' dir='ltr'>plurimum</span> <span class='ocrx_word' id='word_1_77' title='bbox 421 1627 594 1674; x_wconf 83' lang='lat' dir='ltr'>juvasset,</span> <span class='ocrx_word' id='word_1_78' title='bbox 623 1632 813 1664; x_wconf 82' lang='lat' dir='ltr'>senectute</span> <span class='ocrx_word' id='word_1_79' title='bbox 840 1626 915 1674; x_wconf 81' lang='lat' dir='ltr'>jam</span> <span class='ocrx_word' id='word_1_80' title='bbox 942 1628 1080 1674; x_wconf 78' lang='lat' dir='ltr'>gravis,</span> <span class='ocrx_word' id='word_1_81' title='bbox 1109 1626 1155 1663; x_wconf 93' lang='lat' dir='ltr'>ab</span> <span class='ocrx_word' id='word_1_82' title='bbox 1186 1628 1310 1664; x_wconf 88' lang='lat' dir='ltr'>amico</span> <span class='ocrx_word' id='word_1_83' title='bbox 1331 1627 1451 1663; x_wconf 87' lang='lat' dir='ltr'>minus</span> <span class='ocrx_word' id='word_1_84' title='bbox 1470 1627 1644 1663; x_wconf 86' lang='lat' dir='ltr'>officioso</span> <span class='ocrx_word' id='word_1_85' title='bbox 1665 1629 1802 1676; x_wconf 84' lang='lat' dir='ltr'>negligi</span> <span class='ocrx_word' id='word_1_86' title='bbox 1821 1635 1967 1676; x_wconf 89' lang='lat' dir='ltr'>putans,</span> 
     </span>
    </p>
   </div>
   <div class='ocr_carea' id='block_1_9' title="bbox 36 1707 1966 1757">
    <p class='ocr_par' dir='ltr' id='par_1_11' title="bbox 36 1707 1966 1757">
     <span class='ocr_line' id='line_1_15' title="bbox 36 1707 1966 1757; baseline 0.001 -13"><span class='ocrx_word' id='word_1_87' title='bbox 36 1749 38 1751; x_wconf 36' lang='grc'><strong>,</strong></span> <span class='ocrx_word' id='word_1_88' title='bbox 102 1707 225 1744; x_wconf 89' lang='lat' dir='ltr'>inedia</span> <span class='ocrx_word' id='word_1_89' title='bbox 253 1708 369 1744; x_wconf 88' lang='lat' dir='ltr'>vitam</span> <span class='ocrx_word' id='word_1_90' title='bbox 398 1707 502 1743; x_wconf 90' lang='lat' dir='ltr'>finire</span> <span class='ocrx_word' id='word_1_91' title='bbox 531 1708 770 1755; x_wconf 83' lang='lat' dir='ltr'>decreverat3</span> <span class='ocrx_word' id='word_1_92' title='bbox 798 1708 1040 1755; x_wconf 86' lang='lat' dir='ltr'>quamobrem</span> <span class='ocrx_word' id='word_1_93' title='bbox 1069 1719 1265 1744; x_wconf 89' lang='lat' dir='ltr'>accurrens</span> <span class='ocrx_word' id='word_1_94' title='bbox 1293 1707 1467 1753; x_wconf 83' lang='lat' dir='ltr'>Pericles,</span> <span class='ocrx_word' id='word_1_95' title='bbox 1498 1708 1586 1744; x_wconf 89' lang='lat' dir='ltr'>dum</span> <span class='ocrx_word' id='word_1_96' title='bbox 1619 1709 1767 1755; x_wconf 87' lang='lat' dir='ltr'>publica</span> <span class='ocrx_word' id='word_1_97' title='bbox 1805 1710 1966 1757; x_wconf 88' lang='lat' dir='ltr'>negotia,</span> 
     </span>
    </p>
   </div>
   <div class='ocr_carea' id='block_1_10' title="bbox 103 1788 1968 1838">
    <p class='ocr_par' dir='ltr' id='par_1_12' title="bbox 103 1788 1968 1838">
     <span class='ocr_line' id='line_1_16' title="bbox 103 1788 1968 1838; baseline 0.002 -14"><span class='ocrx_word' id='word_1_98' title='bbox 103 1788 235 1838; x_wconf 91' lang='lat' dir='ltr'>quibus</span> <span class='ocrx_word' id='word_1_99' title='bbox 262 1788 407 1825; x_wconf 84' lang='lat' dir='ltr'>assidue</span> <span class='ocrx_word' id='word_1_100' title='bbox 436 1788 685 1835; x_wconf 86' lang='lat' dir='ltr'>detinebatur,</span> <span class='ocrx_word' id='word_1_101' title='bbox 715 1788 753 1824; x_wconf 89' lang='lat' dir='ltr'>in</span> <span class='ocrx_word' id='word_1_102' title='bbox 780 1789 1059 1825; x_wconf 82' lang='lat' dir='ltr'>excusationem</span> <span class='ocrx_word' id='word_1_103' title='bbox 1086 1794 1312 1834; x_wconf 86' lang='lat' dir='ltr'>recenseret,</span> <span class='ocrx_word' id='word_1_104' title='bbox 1342 1801 1438 1824; x_wconf 87' lang='lat' dir='ltr'>neve</span> <span class='ocrx_word' id='word_1_105' title='bbox 1467 1801 1506 1825; x_wconf 90' lang='lat' dir='ltr'>se</span> <span class='ocrx_word' id='word_1_106' title='bbox 1525 1790 1562 1825; x_wconf 90' lang='lat' dir='ltr'>in</span> <span class='ocrx_word' id='word_1_107' title='bbox 1581 1795 1683 1826; x_wconf 86' lang='lat' dir='ltr'>tanta</span> <span class='ocrx_word' id='word_1_108' title='bbox 1711 1802 1833 1827; x_wconf 89' lang='lat' dir='ltr'>rerum</span> <span class='ocrx_word' id='word_1_109' title='bbox 1852 1802 1968 1827; x_wconf 91' lang='lat' dir='ltr'>occu-</span> 
     </span>
    </p>
   </div>
   <div class='ocr_carea' id='block_1_11' title="bbox 103 1869 1969 1918">
    <p class='ocr_par' dir='ltr' id='par_1_13' title="bbox 103 1869 1969 1918">
     <span class='ocr_line' id='line_1_17' title="bbox 103 1869 1969 1918; baseline 0.001 -12"><span class='ocrx_word' id='word_1_110' title='bbox 103 1869 254 1916; x_wconf 87' lang='lat' dir='ltr'>patione</span> <span class='ocrx_word' id='word_1_111' title='bbox 282 1869 507 1917; x_wconf 89' lang='lat' dir='ltr'>relinqueret</span> <span class='ocrx_word' id='word_1_112' title='bbox 536 1869 798 1906; x_wconf 80' lang='lat' dir='ltr'>instantissime</span> <span class='ocrx_word' id='word_1_113' title='bbox 825 1874 1056 1917; x_wconf 85' lang='lat' dir='ltr'>precaretur,</span> <span class='ocrx_word' id='word_1_114' title='bbox 1083 1869 1315 1906; x_wconf 85' lang='lat' dir='ltr'>amarulento</span> <span class='ocrx_word' id='word_1_115' title='bbox 1344 1869 1495 1917; x_wconf 90' lang='lat' dir='ltr'>quidem</span> <span class='ocrx_word' id='word_1_116' title='bbox 1523 1882 1703 1918; x_wconf 89' lang='lat' dir='ltr'>responso</span> <span class='ocrx_word' id='word_1_117' title='bbox 1732 1871 1839 1918; x_wconf 89' lang='lat' dir='ltr'>quale</span> <span class='ocrx_word' id='word_1_118' title='bbox 1866 1872 1913 1907; x_wconf 86' lang='lat' dir='ltr'>sit</span> <span class='ocrx_word' id='word_1_119' title='bbox 1932 1873 1969 1907; x_wconf 89' lang='lat' dir='ltr'>in</span> 
     </span>
    </p>
   </div>
   <div class='ocr_carea' id='block_1_12' title="bbox 28 1949 1966 2010">
    <p class='ocr_par' dir='ltr' id='par_1_14' title="bbox 28 1947 1966 2010">
     <span class='ocr_line' id='line_1_18' title="bbox 28 1949 1966 2010; baseline 0.001 -25"><span class='ocrx_word' id='word_1_120' title='bbox 28 1960 39 2010; x_wconf 43' lang='lat' dir='ltr'>{s</span> <span class='ocrx_word' id='word_1_121' title='bbox 103 1949 292 1986; x_wconf 89' lang='lat' dir='ltr'>beneficos</span> <span class='ocrx_word' id='word_1_122' title='bbox 319 1949 489 1985; x_wconf 89' lang='lat' dir='ltr'>homines</span> <span class='ocrx_word' id='word_1_123' title='bbox 517 1949 630 1985; x_wconf 91' lang='lat' dir='ltr'>officii</span> <span class='ocrx_word' id='word_1_124' title='bbox 660 1949 839 1995; x_wconf 89' lang='lat' dir='ltr'>debitum,</span> <span class='ocrx_word' id='word_1_125' title='bbox 877 1962 952 1985; x_wconf 91' lang='lat' dir='ltr'>non</span> <span class='ocrx_word' id='word_1_126' title='bbox 988 1949 1064 1985; x_wconf 86' lang='lat' dir='ltr'>sine</span> <span class='ocrx_word' id='word_1_127' title='bbox 1101 1949 1244 1997; x_wconf 92' lang='lat' dir='ltr'>pudore</span> <span class='ocrx_word' id='word_1_128' title='bbox 1282 1950 1475 1997; x_wconf 90' lang='lat' dir='ltr'>cognovit.</span> <span class='ocrx_word' id='word_1_129' title='bbox 1530 1951 1601 1986; x_wconf 91' lang='lat' dir='ltr'>His</span> <span class='ocrx_word' id='word_1_130' title='bbox 1638 1951 1769 1986; x_wconf 89' lang='lat' dir='ltr'>moniti</span> <span class='ocrx_word' id='word_1_131' title='bbox 1806 1951 1966 1987; x_wconf 87' lang='lat' dir='ltr'>Palatini</span> 
     </span>
    </p>
   </div>
   <div class='ocr_carea' id='block_1_13' title="bbox 99 2030 1966 2081">
    <p class='ocr_par' dir='ltr' id='par_1_15' title="bbox 18 2009 1966 2081">
     <span class='ocr_line' id='line_1_19' title="bbox 99 2030 1966 2081; baseline 0.001 -14.917"><span class='ocrx_word' id='word_1_132' title='bbox 99 2030 203 2067; x_wconf 89' lang='lat' dir='ltr'>Socii</span> <span class='ocrx_word' id='word_1_133' title='bbox 232 2037 341 2081; x_wconf 89' lang='lat' dir='ltr'>atque</span> <span class='ocrx_word' id='word_1_134' title='bbox 370 2031 466 2079; x_wconf 89' lang='lat' dir='ltr'>Ego,</span> <span class='ocrx_word' id='word_1_135' title='bbox 496 2043 607 2081; x_wconf 91' lang='lat' dir='ltr'>quam</span> <span class='ocrx_word' id='word_1_136' title='bbox 635 2042 828 2079; x_wconf 85' lang='lat' dir='ltr'>possumus</span> <span class='ocrx_word' id='word_1_137' title='bbox 853 2036 1096 2080; x_wconf 88' lang='lat' dir='ltr'>acceptorum</span> <span class='ocrx_word' id='word_1_138' title='bbox 1124 2032 1391 2068; x_wconf 87' lang='lat' dir='ltr'>beneficiorum</span> <span class='ocrx_word' id='word_1_139' title='bbox 1419 2032 1575 2079; x_wconf 85' lang='lat' dir='ltr'>gratiam</span> <span class='ocrx_word' id='word_1_140' title='bbox 1611 2032 1757 2081; x_wconf 92' lang='lat' dir='ltr'>publice</span> <span class='ocrx_word' id='word_1_141' title='bbox 1794 2033 1966 2080; x_wconf 88' lang='lat' dir='ltr'>rependi-</span> 
     </span>
    </p>
   </div>
   <div class='ocr_carea' id='block_1_14' title="bbox 30 2113 1964 2163">
    <p class='ocr_par' dir='ltr' id='par_1_16' title="bbox 30 2113 1964 2163">
     <span class='ocr_line' id='line_1_20' title="bbox 30 2113 1964 2163; baseline 0.002 -15"><span class='ocrx_word' id='word_1_142' title='bbox 30 2124 31 2127; x_wconf 51' lang='lat'><em>*</em></span> <span class='ocrx_word' id='word_1_143' title='bbox 101 2123 201 2159; x_wconf 84' lang='lat' dir='ltr'>mus3</span> <span class='ocrx_word' id='word_1_144' title='bbox 229 2119 354 2149; x_wconf 86' lang='lat' dir='ltr'>nostra</span> <span class='ocrx_word' id='word_1_145' title='bbox 382 2113 481 2150; x_wconf 89' lang='lat' dir='ltr'>enim</span> <span class='ocrx_word' id='word_1_146' title='bbox 508 2113 685 2150; x_wconf 85' lang='lat' dir='ltr'>interesse</span> <span class='ocrx_word' id='word_1_147' title='bbox 704 2118 874 2162; x_wconf 88' lang='lat' dir='ltr'>putamus</span> <span class='ocrx_word' id='word_1_148' title='bbox 891 2125 1080 2150; x_wconf 88' lang='lat' dir='ltr'>memores</span> <span class='ocrx_word' id='word_1_149' title='bbox 1098 2119 1295 2162; x_wconf 89' lang='lat' dir='ltr'>gratosque</span> <span class='ocrx_word' id='word_1_150' title='bbox 1316 2125 1383 2150; x_wconf 91' lang='lat' dir='ltr'>nos</span> <span class='ocrx_word' id='word_1_151' title='bbox 1404 2114 1621 2151; x_wconf 84' lang='lat' dir='ltr'>existimari.</span> <span class='ocrx_word' id='word_1_152' title='bbox 1673 2114 1808 2150; x_wconf 90' lang='lat' dir='ltr'>Oleum</span> <span class='ocrx_word' id='word_1_153' title='bbox 1829 2116 1964 2163; x_wconf 88' lang='lat' dir='ltr'>itaque,</span> 
     </span>
    </p>
   </div>
   <div class='ocr_carea' id='block_1_15' title="bbox 0 0 59 3212">
    <p class='ocr_par' dir='ltr' id='par_1_17' title="bbox 0 0 59 3212">
     <span class='ocr_line' id='line_1_21' title="bbox 0 0 59 3212; baseline 0 0"><span class='ocrx_word' id='word_1_154' title='bbox 0 0 59 3212; x_wconf 95' lang='lat' dir='ltr'> </span> 
     </span>
    </p>
   </div>
   <div class='ocr_carea' id='block_1_16' title="bbox 99 2193 1965 2889">
    <p class='ocr_par' dir='ltr' id='par_1_18' title="bbox 99 2193 1965 2889">
     <span class='ocr_line' id='line_1_22' title="bbox 101 2193 1965 2243; baseline 0.002 -14"><span class='ocrx_word' id='word_1_155' title='bbox 101 2205 147 2229; x_wconf 86' lang='lat' dir='ltr'>ne</span> <span class='ocrx_word' id='word_1_156' title='bbox 174 2194 222 2230; x_wconf 89' lang='lat' dir='ltr'>ab</span> <span class='ocrx_word' id='word_1_157' title='bbox 250 2193 374 2242; x_wconf 86' lang='lat' dir='ltr'>adagii</span> <span class='ocrx_word' id='word_1_158' title='bbox 401 2193 622 2241; x_wconf 88' lang='lat' dir='ltr'>metaphora</span> <span class='ocrx_word' id='word_1_159' title='bbox 650 2193 855 2240; x_wconf 85' lang='lat' dir='ltr'>discedam,</span> <span class='ocrx_word' id='word_1_160' title='bbox 885 2194 999 2241; x_wconf 90' lang='lat' dir='ltr'>pleno</span> <span class='ocrx_word' id='word_1_161' title='bbox 1026 2195 1178 2243; x_wconf 86' lang='lat' dir='ltr'>lecytho</span> <span class='ocrx_word' id='word_1_162' title='bbox 1206 2194 1450 2231; x_wconf 83' lang='lat' dir='ltr'>infundimus:</span> <span class='ocrx_word' id='word_1_163' title='bbox 1482 2207 1634 2242; x_wconf 90' lang='lat' dir='ltr'>egemus</span> <span class='ocrx_word' id='word_1_164' title='bbox 1661 2196 1761 2232; x_wconf 90' lang='lat' dir='ltr'>enim</span> <span class='ocrx_word' id='word_1_165' title='bbox 1794 2197 1965 2242; x_wconf 82' lang='lat' dir='ltr'>lucerna3</span> 
     </span>
     <span class='ocr_line' id='line_1_23' title="bbox 101 2274 1965 2324; baseline 0.001 -13"><span class='ocrx_word' id='word_1_166' title='bbox 101 2285 221 2323; x_wconf 86' lang='lat' dir='ltr'>neque</span> <span class='ocrx_word' id='word_1_167' title='bbox 249 2274 306 2310; x_wconf 91' lang='lat' dir='ltr'>Te</span> <span class='ocrx_word' id='word_1_168' title='bbox 334 2275 529 2310; x_wconf 86' lang='lat' dir='ltr'>Pastorem</span> <span class='ocrx_word' id='word_1_169' title='bbox 555 2275 664 2311; x_wconf 88' lang='lat' dir='ltr'>nobis</span> <span class='ocrx_word' id='word_1_170' title='bbox 692 2275 832 2311; x_wconf 83' lang='lat' dir='ltr'>Divina</span> <span class='ocrx_word' id='word_1_171' title='bbox 860 2275 1094 2323; x_wconf 88' lang='lat' dir='ltr'>providentia</span> <span class='ocrx_word' id='word_1_172' title='bbox 1123 2275 1249 2312; x_wconf 88' lang='lat' dir='ltr'>datum</span> <span class='ocrx_word' id='word_1_173' title='bbox 1278 2275 1464 2312; x_wconf 81' lang='lat' dir='ltr'>dedecere</span> <span class='ocrx_word' id='word_1_174' title='bbox 1493 2282 1585 2323; x_wconf 87' lang='lat' dir='ltr'>puto</span> <span class='ocrx_word' id='word_1_175' title='bbox 1613 2276 1783 2312; x_wconf 90' lang='lat' dir='ltr'>lucernae</span> <span class='ocrx_word' id='word_1_176' title='bbox 1812 2288 1965 2324; x_wconf 88' lang='lat' dir='ltr'>compa—</span> 
     </span>
     <span class='ocr_line' id='line_1_24' title="bbox 99 2355 1964 2405; baseline 0.002 -15"><span class='ocrx_word' id='word_1_177' title='bbox 99 2355 296 2401; x_wconf 86' lang='lat' dir='ltr'>rationem,</span> <span class='ocrx_word' id='word_1_178' title='bbox 324 2367 417 2403; x_wconf 86' lang='lat' dir='ltr'>quae</span> <span class='ocrx_word' id='word_1_179' title='bbox 446 2356 644 2392; x_wconf 86' lang='lat' dir='ltr'>Sacrarum</span> <span class='ocrx_word' id='word_1_180' title='bbox 673 2356 787 2392; x_wconf 82' lang='lat' dir='ltr'>etiam</span> <span class='ocrx_word' id='word_1_181' title='bbox 814 2356 1002 2393; x_wconf 89' lang='lat' dir='ltr'>literarum</span> <span class='ocrx_word' id='word_1_182' title='bbox 1031 2368 1096 2392; x_wconf 86' lang='lat' dir='ltr'>usu</span> <span class='ocrx_word' id='word_1_183' title='bbox 1124 2358 1282 2405; x_wconf 87' lang='lat' dir='ltr'>probata</span> <span class='ocrx_word' id='word_1_184' title='bbox 1314 2362 1380 2393; x_wconf 86' lang='lat' dir='ltr'>est.</span> <span class='ocrx_word' id='word_1_185' title='bbox 1436 2357 1608 2393; x_wconf 82' lang='lat' dir='ltr'>Lucerna</span> <span class='ocrx_word' id='word_1_186' title='bbox 1638 2357 1796 2403; x_wconf 80' lang='lat' dir='ltr'>pedibus</span> <span class='ocrx_word' id='word_1_187' title='bbox 1831 2357 1964 2394; x_wconf 80' lang='lat' dir='ltr'>nostris</span> 
     </span>
     <span class='ocr_line' id='line_1_25' title="bbox 101 2435 1963 2486; baseline 0.001 -14"><span class='ocrx_word' id='word_1_188' title='bbox 101 2435 247 2472; x_wconf 81' lang='lat' dir='ltr'>verbum</span> <span class='ocrx_word' id='word_1_189' title='bbox 274 2438 388 2481; x_wconf 82' lang='lat' dir='ltr'>tuum,</span> <span class='ocrx_word' id='word_1_190' title='bbox 417 2440 452 2472; x_wconf 85' lang='lat' dir='ltr'>et</span> <span class='ocrx_word' id='word_1_191' title='bbox 476 2437 600 2473; x_wconf 82' lang='lat' dir='ltr'>lumen</span> <span class='ocrx_word' id='word_1_192' title='bbox 627 2436 763 2473; x_wconf 79' lang='lat' dir='ltr'>semitis</span> <span class='ocrx_word' id='word_1_193' title='bbox 789 2437 924 2473; x_wconf 82' lang='lat' dir='ltr'>nostris</span> <span class='ocrx_word' id='word_1_194' title='bbox 951 2449 1074 2473; x_wconf 85' lang='lat' dir='ltr'>nonne</span> <span class='ocrx_word' id='word_1_195' title='bbox 1103 2437 1150 2474; x_wconf 90' lang='lat' dir='ltr'>de</span> <span class='ocrx_word' id='word_1_196' title='bbox 1178 2437 1363 2474; x_wconf 88' lang='lat' dir='ltr'>Pontifice</span> <span class='ocrx_word' id='word_1_197' title='bbox 1383 2449 1427 2474; x_wconf 86' lang='lat' dir='ltr'>ac</span> <span class='ocrx_word' id='word_1_198' title='bbox 1456 2438 1663 2486; x_wconf 87' lang='lat' dir='ltr'>Religionis</span> <span class='ocrx_word' id='word_1_199' title='bbox 1682 2439 1867 2485; x_wconf 87' lang='lat' dir='ltr'>Magistro</span> <span class='ocrx_word' id='word_1_200' title='bbox 1884 2439 1963 2486; x_wconf 83' lang='lat' dir='ltr'>jure</span> 
     </span>
     <span class='ocr_line' id='line_1_26' title="bbox 100 2516 1963 2569; baseline 0.001 -16"><span class='ocrx_word' id='word_1_201' title='bbox 100 2516 251 2566; x_wconf 87' lang='lat' dir='ltr'>quidem</span> <span class='ocrx_word' id='word_1_202' title='bbox 278 2519 423 2565; x_wconf 90' lang='lat' dir='ltr'>optimo</span> <span class='ocrx_word' id='word_1_203' title='bbox 450 2517 679 2554; x_wconf 86' lang='lat' dir='ltr'>dixerimus?</span> <span class='ocrx_word' id='word_1_204' title='bbox 699 2518 838 2554; x_wconf 88' lang='lat' dir='ltr'>Nonne</span> <span class='ocrx_word' id='word_1_205' title='bbox 858 2519 1035 2555; x_wconf 89' lang='lat' dir='ltr'>virtutum</span> <span class='ocrx_word' id='word_1_206' title='bbox 1054 2524 1201 2555; x_wconf 90' lang='lat' dir='ltr'>tuarum</span> <span class='ocrx_word' id='word_1_207' title='bbox 1220 2520 1435 2566; x_wconf 89' lang='lat' dir='ltr'>exemplum</span> <span class='ocrx_word' id='word_1_208' title='bbox 1454 2525 1647 2569; x_wconf 87' lang='lat' dir='ltr'>tamquam</span> <span class='ocrx_word' id='word_1_209' title='bbox 1669 2519 1819 2554; x_wconf 83' lang='lat' dir='ltr'>lucerna</span> <span class='ocrx_word' id='word_1_210' title='bbox 1836 2520 1963 2567; x_wconf 82' lang='lat' dir='ltr'>splen-</span> 
     </span>
     <span class='ocr_line' id='line_1_27' title="bbox 99 2596 1962 2647; baseline 0.002 -15"><span class='ocrx_word' id='word_1_211' title='bbox 99 2596 188 2632; x_wconf 74' lang='lat' dir='ltr'>dens</span> <span class='ocrx_word' id='word_1_212' title='bbox 212 2602 325 2645; x_wconf 77' lang='lat' dir='ltr'>super</span> <span class='ocrx_word' id='word_1_213' title='bbox 350 2598 609 2634; x_wconf 81' lang='lat' dir='ltr'>candelabrum</span> <span class='ocrx_word' id='word_1_214' title='bbox 635 2599 834 2635; x_wconf 83' lang='lat' dir='ltr'>sanctum?</span> <span class='ocrx_word' id='word_1_215' title='bbox 861 2600 919 2635; x_wconf 91' lang='lat' dir='ltr'>En</span> <span class='ocrx_word' id='word_1_216' title='bbox 946 2599 1058 2647; x_wconf 87' lang='lat' dir='ltr'>igitur</span> <span class='ocrx_word' id='word_1_217' title='bbox 1085 2600 1203 2635; x_wconf 79' lang='lat' dir='ltr'>oleum</span> <span class='ocrx_word' id='word_1_218' title='bbox 1233 2600 1276 2635; x_wconf 75' lang='lat' dir='ltr'>de</span> <span class='ocrx_word' id='word_1_219' title='bbox 1302 2599 1409 2635; x_wconf 81' lang='lat' dir='ltr'>olivis</span> <span class='ocrx_word' id='word_1_220' title='bbox 1437 2599 1682 2646; x_wconf 78' lang='lat' dir='ltr'>purissimum</span> <span class='ocrx_word' id='word_1_221' title='bbox 1717 2611 1763 2635; x_wconf 84' lang='lat' dir='ltr'>ac</span> <span class='ocrx_word' id='word_1_222' title='bbox 1800 2599 1962 2636; x_wconf 80' lang='lat' dir='ltr'><em>lucz&#39;dum</em></span> 
     </span>
     <span class='ocr_line' id='line_1_28' title="bbox 99 2676 1960 2727; baseline 0.002 -14"><span class='ocrx_word' id='word_1_223' title='bbox 99 2676 154 2713; x_wconf 87' lang='lat' dir='ltr'>ad</span> <span class='ocrx_word' id='word_1_224' title='bbox 173 2678 459 2714; x_wconf 72' lang='lat' dir='ltr'>concinnandam</span> <span class='ocrx_word' id='word_1_225' title='bbox 487 2680 694 2716; x_wconf 81' lang='lat' dir='ltr'>lucernam:</span> <span class='ocrx_word' id='word_1_226' title='bbox 723 2679 874 2715; x_wconf 87' lang='lat' dir='ltr'>sudores</span> <span class='ocrx_word' id='word_1_227' title='bbox 901 2691 1036 2727; x_wconf 89' lang='lat' dir='ltr'>nempe</span> <span class='ocrx_word' id='word_1_228' title='bbox 1064 2681 1192 2726; x_wconf 88' lang='lat' dir='ltr'>nostri,</span> <span class='ocrx_word' id='word_1_229' title='bbox 1221 2681 1423 2727; x_wconf 88' lang='lat' dir='ltr'>gratiarum</span> <span class='ocrx_word' id='word_1_230' title='bbox 1453 2680 1631 2725; x_wconf 85' lang='lat' dir='ltr'>actiones,</span> <span class='ocrx_word' id='word_1_231' title='bbox 1652 2685 1690 2716; x_wconf 91' lang='lat' dir='ltr'>et</span> <span class='ocrx_word' id='word_1_232' title='bbox 1710 2691 1827 2727; x_wconf 85' lang='lat' dir='ltr'>prona</span> <span class='ocrx_word' id='word_1_233' title='bbox 1845 2681 1883 2716; x_wconf 90' lang='lat' dir='ltr'>in</span> <span class='ocrx_word' id='word_1_234' title='bbox 1902 2681 1960 2716; x_wconf 90' lang='lat' dir='ltr'>Te</span> 
     </span>
     <span class='ocr_line' id='line_1_29' title="bbox 101 2756 1957 2810; baseline 0.003 -18"><span class='ocrx_word' id='word_1_235' title='bbox 101 2756 351 2794; x_wconf 81' lang='lat' dir='ltr'>Palatinorum</span> <span class='ocrx_word' id='word_1_236' title='bbox 378 2758 574 2796; x_wconf 84' lang='lat' dir='ltr'>Sociorum</span> <span class='ocrx_word' id='word_1_237' title='bbox 603 2761 799 2810; x_wconf 84' lang='lat' dir='ltr'>obsequia:</span> <span class='ocrx_word' id='word_1_238' title='bbox 828 2761 970 2796; x_wconf 88' lang='lat' dir='ltr'>utinam</span> <span class='ocrx_word' id='word_1_239' title='bbox 998 2766 1035 2797; x_wconf 88' lang='lat' dir='ltr'>et</span> <span class='ocrx_word' id='word_1_240' title='bbox 1062 2760 1110 2796; x_wconf 93' lang='lat' dir='ltr'>ad</span> <span class='ocrx_word' id='word_1_241' title='bbox 1137 2760 1432 2797; x_wconf 86' lang='lat' dir='ltr'>incolumitatem</span> <span class='ocrx_word' id='word_1_242' title='bbox 1464 2766 1566 2798; x_wconf 84' lang='lat' dir='ltr'>tuam</span> <span class='ocrx_word' id='word_1_243' title='bbox 1604 2761 1809 2808; x_wconf 87' lang='lat' dir='ltr'>longaevos</span> <span class='ocrx_word' id='word_1_244' title='bbox 1845 2761 1957 2797; x_wconf 89' lang='lat' dir='ltr'>etiam</span> 
     </span>
     <span class='ocr_line' id='line_1_30' title="bbox 99 2837 1963 2889; baseline 0.002 -16"><span class='ocrx_word' id='word_1_245' title='bbox 99 2849 216 2874; x_wconf 88' lang='lat' dir='ltr'>annos</span> <span class='ocrx_word' id='word_1_246' title='bbox 243 2837 434 2874; x_wconf 85' lang='lat' dir='ltr'>infundere</span> <span class='ocrx_word' id='word_1_247' title='bbox 460 2851 664 2886; x_wconf 71' lang='lat' dir='ltr'>possemuS,</span> <span class='ocrx_word' id='word_1_248' title='bbox 693 2852 785 2889; x_wconf 89' lang='lat' dir='ltr'>quos</span> <span class='ocrx_word' id='word_1_249' title='bbox 813 2841 901 2877; x_wconf 89' lang='lat' dir='ltr'>Tibi</span> <span class='ocrx_word' id='word_1_250' title='bbox 930 2842 1118 2878; x_wconf 89' lang='lat' dir='ltr'>communi</span> <span class='ocrx_word' id='word_1_251' title='bbox 1149 2841 1317 2877; x_wconf 89' lang='lat' dir='ltr'>omnium</span> <span class='ocrx_word' id='word_1_252' title='bbox 1345 2842 1448 2877; x_wconf 91' lang='lat' dir='ltr'>bono</span> <span class='ocrx_word' id='word_1_253' title='bbox 1475 2854 1497 2877; x_wconf 90' lang='lat' dir='ltr'>a</span> <span class='ocrx_word' id='word_1_254' title='bbox 1524 2841 1675 2889; x_wconf 87' lang='lat' dir='ltr'>Superis</span> <span class='ocrx_word' id='word_1_255' title='bbox 1703 2842 1849 2878; x_wconf 88' lang='lat' dir='ltr'>assidue</span> <span class='ocrx_word' id='word_1_256' title='bbox 1879 2853 1963 2888; x_wconf 90' lang='lat' dir='ltr'>pre-</span> 
     </span>
    </p>
   </div>
   <div class='ocr_carea' id='block_1_17' title="bbox 98 2919 1962 2972">
    <p class='ocr_par' dir='ltr' id='par_1_19' title="bbox 98 2919 1962 2972">
     <span class='ocr_line' id='line_1_31' title="bbox 98 2919 1962 2972; baseline 0.001 -17"><span class='ocrx_word' id='word_1_257' title='bbox 98 2929 235 2956; x_wconf 82' lang='lat' dir='ltr'>camur.</span> <span class='ocrx_word' id='word_1_258' title='bbox 291 2919 454 2955; x_wconf 86' lang='lat' dir='ltr'>Accedit</span> <span class='ocrx_word' id='word_1_259' title='bbox 483 2920 656 2967; x_wconf 88' lang='lat' dir='ltr'>exiguum</span> <span class='ocrx_word' id='word_1_260' title='bbox 674 2933 821 2970; x_wconf 90' lang='lat' dir='ltr'>quoque</span> <span class='ocrx_word' id='word_1_261' title='bbox 841 2934 982 2968; x_wconf 88' lang='lat' dir='ltr'>munus,</span> <span class='ocrx_word' id='word_1_262' title='bbox 1004 2921 1105 2972; x_wconf 92' lang='lat' dir='ltr'>quod</span> <span class='ocrx_word' id='word_1_263' title='bbox 1125 2922 1252 2959; x_wconf 90' lang='lat' dir='ltr'>sociali</span> <span class='ocrx_word' id='word_1_264' title='bbox 1271 2922 1421 2959; x_wconf 90' lang='lat' dir='ltr'>nomine</span> <span class='ocrx_word' id='word_1_265' title='bbox 1440 2921 1626 2958; x_wconf 89' lang='lat' dir='ltr'>humiliter</span> <span class='ocrx_word' id='word_1_266' title='bbox 1645 2922 1776 2968; x_wconf 84' lang='lat' dir='ltr'>offero,</span> <span class='ocrx_word' id='word_1_267' title='bbox 1798 2922 1962 2958; x_wconf 90' lang='lat' dir='ltr'>Tomum</span> 
     </span>
    </p>
   </div>
   <div class='ocr_carea' id='block_1_18' title="bbox 934 3095 1118 3132">
    <p class='ocr_par' dir='ltr' id='par_1_20' title="bbox 934 3095 1118 3132">
     <span class='ocr_line' id='line_1_32' title="bbox 934 3095 1118 3132; baseline 0.005 -23"><span class='ocrx_word' id='word_1_268' title='bbox 934 3095 1118 3132; x_wconf 59' lang='lat' dir='ltr'>-g-</span> 
     </span>
    </p>
   </div>
  </div>
 </body>
</html>
