<?xml version="1.0" encoding="UTF-8"?>
<!DOCTYPE html PUBLIC "-//W3C//DTD XHTML 1.0 Transitional//EN"
    "http://www.w3.org/TR/xhtml1/DTD/xhtml1-transitional.dtd">
<html xmlns="http://www.w3.org/1999/xhtml" xml:lang="en" lang="en">
 <head>
  <title>
</title>
<meta http-equiv="Content-Type" content="text/html;charset=utf-8" />
  <meta name='ocr-system' content='tesseract 3.04.00' />
  <meta name='ocr-capabilities' content='ocr_page ocr_carea ocr_par ocr_line ocrx_word'/>
</head>
<body>
  <div class='ocr_page' id='page_1' title='image "./rerumitalicarums51murauoft_0061.png"; bbox 0 0 2320 3424; ppageno 0'>
   <div class='ocr_carea' id='block_1_1' title="bbox 0 0 99 3386">
    <p class='ocr_par' dir='ltr' id='par_1_1' title="bbox 0 0 99 3386">
     <span class='ocr_line' id='line_1_1' title="bbox 0 0 99 3386; baseline 0 0"><span class='ocrx_word' id='word_1_1' title='bbox 0 0 99 3386; x_wconf 95' lang='lat' dir='ltr'> </span> 
     </span>
    </p>
   </div>
   <div class='ocr_carea' id='block_1_2' title="bbox 123 190 1986 2743">
    <p class='ocr_par' dir='ltr' id='par_1_2' title="bbox 127 190 1981 615">
     <span class='ocr_line' id='line_1_2' title="bbox 882 190 1978 227; baseline -0.001 -1"><span class='ocrx_word' id='word_1_2' title='bbox 882 191 1233 227; x_wconf 89' lang='lat' dir='ltr'>PREFAZIONE</span> <span class='ocrx_word' id='word_1_3' title='bbox 1792 190 1978 225; x_wconf 93' lang='lat' dir='ltr'>XXXIX</span> 
     </span>
     <span class='ocr_line' id='line_1_3' title="bbox 128 313 1979 364; baseline -0.001 -12"><span class='ocrx_word' id='word_1_4' title='bbox 128 316 334 364; x_wconf 69' lang='lat' dir='ltr'>religionum·</span> <span class='ocrx_word' id='word_1_5' title='bbox 362 315 530 353; x_wconf 82' lang='lat' dir='ltr'>d&#39;Africa</span> <span class='ocrx_word' id='word_1_6' title='bbox 557 318 676 364; x_wconf 87' lang='lat' dir='ltr'>prima</span> <span class='ocrx_word' id='word_1_7' title='bbox 703 316 973 353; x_wconf 87' lang='lat' dir='ltr'>dell&#39;offensiva</span> <span class='ocrx_word' id='word_1_8' title='bbox 1000 328 1214 362; x_wconf 88' lang='lat' dir='ltr'>normanna,</span> <span class='ocrx_word' id='word_1_9' title='bbox 1235 317 1302 352; x_wconf 92' lang='lat' dir='ltr'>che</span> <span class='ocrx_word' id='word_1_10' title='bbox 1322 315 1501 353; x_wconf 86' lang='lat' dir='ltr'>condusse</span> <span class='ocrx_word' id='word_1_11' title='bbox 1520 315 1592 352; x_wconf 87' lang='lat' dir='ltr'>alla</span> <span class='ocrx_word' id='word_1_12' title='bbox 1610 327 1689 352; x_wconf 89' lang='lat' dir='ltr'>resa</span> <span class='ocrx_word' id='word_1_13' title='bbox 1709 314 1746 350; x_wconf 93' lang='lat' dir='ltr'>di</span> <span class='ocrx_word' id='word_1_14' title='bbox 1767 315 1941 352; x_wconf 91' lang='lat' dir='ltr'>Palermo</span> <span class='ocrx_word' id='word_1_15' title='bbox 1957 313 1979 351; x_wconf 90' lang='lat'>¹.</span> 
     </span>
     <span class='ocr_line' id='line_1_4' title="bbox 127 378 1981 428; baseline -0.001 -13"><span class='ocrx_word' id='word_1_16' title='bbox 127 379 162 415; x_wconf 93' lang='lat' dir='ltr'>E</span> <span class='ocrx_word' id='word_1_17' title='bbox 189 391 227 415; x_wconf 85' lang='lat' dir='ltr'>se</span> <span class='ocrx_word' id='word_1_18' title='bbox 254 380 318 426; x_wconf 92' lang='lat' dir='ltr'>poi</span> <span class='ocrx_word' id='word_1_19' title='bbox 354 379 384 415; x_wconf 90' lang='lat' dir='ltr'>si</span> <span class='ocrx_word' id='word_1_20' title='bbox 421 379 606 415; x_wconf 87' lang='lat' dir='ltr'>consideri</span> <span class='ocrx_word' id='word_1_21' title='bbox 643 379 817 428; x_wconf 86' lang='lat' dir='ltr'>com&#39;egli</span> <span class='ocrx_word' id='word_1_22' title='bbox 855 385 1146 416; x_wconf 89' lang='lat' dir='ltr'>costantemente</span> <span class='ocrx_word' id='word_1_23' title='bbox 1182 378 1335 427; x_wconf 87' lang='lat' dir='ltr'>adoperi</span> <span class='ocrx_word' id='word_1_24' title='bbox 1373 378 1630 426; x_wconf 88' lang='lat' dir='ltr'>l&#39;espressione</span> <span class='ocrx_word' id='word_1_25' title='bbox 1675 378 1690 395; x_wconf 90' lang='lat'>“</span> <span class='ocrx_word' id='word_1_26' title='bbox 1707 378 1842 414; x_wconf 83' lang='lat' dir='ltr'><strong>milites</strong></span> <span class='ocrx_word' id='word_1_27' title='bbox 1860 407 1876 426; x_wconf 85' lang='lat'>‚,</span> <span class='ocrx_word' id='word_1_28' title='bbox 1917 391 1981 425; x_wconf 90' lang='lat' dir='ltr'>per</span> 
     </span>
     <span class='ocr_line' id='line_1_5' title="bbox 127 440 1981 488; baseline -0.001 -9"><span class='ocrx_word' id='word_1_29' title='bbox 127 443 304 479; x_wconf 87' lang='lat' dir='ltr'><strong>denotare</strong></span> <span class='ocrx_word' id='word_1_30' title='bbox 331 441 472 478; x_wconf 74' lang='lat' dir='ltr'>l’entita</span> <span class='ocrx_word' id='word_1_31' title='bbox 501 441 598 479; x_wconf 89' lang='lat' dir='ltr'>delle</span> <span class='ocrx_word' id='word_1_32' title='bbox 625 442 726 478; x_wconf 89' lang='lat' dir='ltr'>forze</span> <span class='ocrx_word' id='word_1_33' title='bbox 754 441 916 488; x_wconf 87' lang='lat' dir='ltr'>militari,</span> <span class='ocrx_word' id='word_1_34' title='bbox 946 454 966 477; x_wconf 92' lang='lat' dir='ltr'>e</span> <span class='ocrx_word' id='word_1_35' title='bbox 999 454 1107 478; x_wconf 88' lang='lat' dir='ltr'>come</span> <span class='ocrx_word' id='word_1_36' title='bbox 1143 442 1203 478; x_wconf 90' lang='lat' dir='ltr'>nel</span> <span class='ocrx_word' id='word_1_37' title='bbox 1239 441 1372 478; x_wconf 91' lang='lat' dir='ltr'>Medio</span> <span class='ocrx_word' id='word_1_38' title='bbox 1409 442 1495 478; x_wconf 89' lang='lat' dir='ltr'>Evo</span> <span class='ocrx_word' id='word_1_39' title='bbox 1532 442 1619 488; x_wconf 89' lang='lat' dir='ltr'>ogni</span> <span class='ocrx_word' id='word_1_40' title='bbox 1655 441 1758 478; x_wconf 73' lang='lat' dir='ltr'>miles</span> <span class='ocrx_word' id='word_1_41' title='bbox 1794 440 1844 477; x_wconf 94' lang='lat' dir='ltr'>od</span> <span class='ocrx_word' id='word_1_42' title='bbox 1876 452 1981 488; x_wconf 80' lang='lat' dir='ltr'><em>eques</em></span> 
     </span>
     <span class='ocr_line' id='line_1_6' title="bbox 128 502 1981 551; baseline -0.001 -10"><span class='ocrx_word' id='word_1_43' title='bbox 128 516 293 541; x_wconf 86' lang='lat' dir='ltr'>menasse</span> <span class='ocrx_word' id='word_1_44' title='bbox 321 504 630 541; x_wconf 81' lang='lat' dir='ltr'>ordinariamente</span> <span class='ocrx_word' id='word_1_45' title='bbox 659 505 695 540; x_wconf 87' lang='lat' dir='ltr'>al</span> <span class='ocrx_word' id='word_1_46' title='bbox 722 516 789 540; x_wconf 88' lang='lat' dir='ltr'>suo</span> <span class='ocrx_word' id='word_1_47' title='bbox 817 505 941 541; x_wconf 88' lang='lat' dir='ltr'>fianco</span> <span class='ocrx_word' id='word_1_48' title='bbox 969 504 1041 540; x_wconf 87' lang='lat' dir='ltr'>due</span> <span class='ocrx_word' id='word_1_49' title='bbox 1070 518 1094 540; x_wconf 93' lang='grc' dir='ltr'>ο</span> <span class='ocrx_word' id='word_1_50' title='bbox 1121 505 1183 551; x_wconf 77' lang='lat' dir='ltr'>piu</span> <span class='ocrx_word' id='word_1_51' title='bbox 1216 505 1355 540; x_wconf 91' lang='lat' dir='ltr'>uomini</span> <span class='ocrx_word' id='word_1_52' title='bbox 1369 502 1393 549; x_wconf 85' lang='lat'>²,</span> <span class='ocrx_word' id='word_1_53' title='bbox 1431 505 1461 540; x_wconf 92' lang='lat' dir='ltr'>si</span> <span class='ocrx_word' id='word_1_54' title='bbox 1497 504 1680 551; x_wconf 87' lang='lat' dir='ltr'>potrebbe</span> <span class='ocrx_word' id='word_1_55' title='bbox 1715 505 1875 540; x_wconf 85' lang='lat' dir='ltr'>ritenere</span> <span class='ocrx_word' id='word_1_56' title='bbox 1913 504 1981 540; x_wconf 88' lang='lat' dir='ltr'>che</span> 
     </span>
     <span class='ocr_line' id='line_1_7' title="bbox 127 566 1343 615; baseline 0 -13"><span class='ocrx_word' id='word_1_57' title='bbox 127 566 416 615; x_wconf 89' lang='lat' dir='ltr'>l&#39;esagerazione</span> <span class='ocrx_word' id='word_1_58' title='bbox 443 567 700 604; x_wconf 88' lang='lat' dir='ltr'>malaterriana</span> <span class='ocrx_word' id='word_1_59' title='bbox 727 578 802 602; x_wconf 89' lang='lat' dir='ltr'>non</span> <span class='ocrx_word' id='word_1_60' title='bbox 829 567 881 603; x_wconf 90' lang='lat' dir='ltr'>sia</span> <span class='ocrx_word' id='word_1_61' title='bbox 909 567 972 614; x_wconf 90' lang='lat' dir='ltr'>poi</span> <span class='ocrx_word' id='word_1_62' title='bbox 1002 568 1077 603; x_wconf 83' lang='lat' dir='ltr'>cosi</span> <span class='ocrx_word' id='word_1_63' title='bbox 1105 567 1343 604; x_wconf 86' lang='lat' dir='ltr'>strabiliante.</span> 
     </span>
    </p>

    <p class='ocr_par' dir='ltr' id='par_1_3' title="bbox 124 629 1984 1490">
     <span class='ocr_line' id='line_1_8' title="bbox 217 629 1981 678; baseline -0.001 -13"><span class='ocrx_word' id='word_1_64' title='bbox 217 631 453 677; x_wconf 88' lang='lat' dir='ltr'>Comunque,</span> <span class='ocrx_word' id='word_1_65' title='bbox 482 629 637 666; x_wconf 89' lang='lat' dir='ltr'>sarebbe</span> <span class='ocrx_word' id='word_1_66' title='bbox 665 630 825 677; x_wconf 67' lang='lat' dir='ltr'>ing-iusto</span> <span class='ocrx_word' id='word_1_67' title='bbox 853 642 927 666; x_wconf 91' lang='lat' dir='ltr'>non</span> <span class='ocrx_word' id='word_1_68' title='bbox 956 636 1081 666; x_wconf 89' lang='lat' dir='ltr'>tenere</span> <span class='ocrx_word' id='word_1_69' title='bbox 1110 629 1170 666; x_wconf 90' lang='lat' dir='ltr'>nel</span> <span class='ocrx_word' id='word_1_70' title='bbox 1198 629 1327 667; x_wconf 87' lang='lat' dir='ltr'>debito</span> <span class='ocrx_word' id='word_1_71' title='bbox 1354 635 1468 666; x_wconf 88' lang='lat' dir='ltr'>conto</span> <span class='ocrx_word' id='word_1_72' title='bbox 1496 629 1619 678; x_wconf 89' lang='lat' dir='ltr'>quella</span> <span class='ocrx_word' id='word_1_73' title='bbox 1647 630 1775 675; x_wconf 83' lang='lat' dir='ltr'>virtus,</span> <span class='ocrx_word' id='word_1_74' title='bbox 1806 629 1873 666; x_wconf 92' lang='lat' dir='ltr'>che</span> <span class='ocrx_word' id='word_1_75' title='bbox 1891 641 1933 665; x_wconf 91' lang='lat' dir='ltr'>sa</span> <span class='ocrx_word' id='word_1_76' title='bbox 1961 641 1981 664; x_wconf 92' lang='lat' dir='ltr'>e</span> 
     </span>
     <span class='ocr_line' id='line_1_9' title="bbox 126 691 1984 740; baseline -0.001 -12"><span class='ocrx_word' id='word_1_77' title='bbox 126 693 201 740; x_wconf 76' lang='lat' dir='ltr'>pub</span> <span class='ocrx_word' id='word_1_78' title='bbox 228 703 361 739; x_wconf 90' lang='lat' dir='ltr'>operar</span> <span class='ocrx_word' id='word_1_79' title='bbox 387 691 557 728; x_wconf 86' lang='lat' dir='ltr'>miracoli</span> <span class='ocrx_word' id='word_1_80' title='bbox 586 692 702 728; x_wconf 87' lang='lat' dir='ltr'><strong>anche</strong></span> <span class='ocrx_word' id='word_1_81' title='bbox 730 691 826 728; x_wconf 90' lang='lat' dir='ltr'>nelle</span> <span class='ocrx_word' id='word_1_82' title='bbox 854 692 1044 728; x_wconf 90' lang='lat' dir='ltr'>situazioni</span> <span class='ocrx_word' id='word_1_83' title='bbox 1063 693 1126 739; x_wconf 77' lang='lat' dir='ltr'>piu</span> <span class='ocrx_word' id='word_1_84' title='bbox 1144 691 1326 739; x_wconf 87' lang='lat' dir='ltr'>disperate</span> <span class='ocrx_word' id='word_1_85' title='bbox 1345 704 1365 728; x_wconf 93' lang='lat' dir='ltr'>e</span> <span class='ocrx_word' id='word_1_86' title='bbox 1384 692 1699 738; x_wconf 88' lang='lat' dir='ltr'>raccapriccianti.</span> <span class='ocrx_word' id='word_1_87' title='bbox 1753 692 1842 728; x_wconf 91' lang='lat' dir='ltr'>Non</span> <span class='ocrx_word' id='word_1_88' title='bbox 1862 691 1984 726; x_wconf 89' lang='lat' dir='ltr'>hanno</span> 
     </span>
     <span class='ocr_line' id='line_1_10' title="bbox 128 753 1982 802; baseline -0.001 -12"><span class='ocrx_word' id='word_1_89' title='bbox 128 754 225 791; x_wconf 88' lang='lat' dir='ltr'>forse</span> <span class='ocrx_word' id='word_1_90' title='bbox 251 754 337 791; x_wconf 83' lang='lat' dir='ltr'>tutti</span> <span class='ocrx_word' id='word_1_91' title='bbox 364 754 416 802; x_wconf 87' lang='lat' dir='ltr'>gli</span> <span class='ocrx_word' id='word_1_92' title='bbox 444 755 584 800; x_wconf 87' lang='lat' dir='ltr'>storici,</span> <span class='ocrx_word' id='word_1_93' title='bbox 613 754 750 790; x_wconf 85' lang='lat' dir='ltr'>antichi</span> <span class='ocrx_word' id='word_1_94' title='bbox 779 767 799 790; x_wconf 91' lang='lat' dir='ltr'>e</span> <span class='ocrx_word' id='word_1_95' title='bbox 828 753 1011 799; x_wconf 87' lang='lat' dir='ltr'>moderni,</span> <span class='ocrx_word' id='word_1_96' title='bbox 1041 754 1088 790; x_wconf 90' lang='lat' dir='ltr'>da</span> <span class='ocrx_word' id='word_1_97' title='bbox 1115 753 1276 790; x_wconf 91' lang='lat' dir='ltr'>Dudone</span> <span class='ocrx_word' id='word_1_98' title='bbox 1305 753 1341 789; x_wconf 89' lang='lat' dir='ltr'>di</span> <span class='ocrx_word' id='word_1_99' title='bbox 1371 765 1435 790; x_wconf 89' lang='lat' dir='ltr'>san</span> <span class='ocrx_word' id='word_1_100' title='bbox 1453 754 1633 794; x_wconf 86' lang='lat' dir='ltr'>Quintino</span> <span class='ocrx_word' id='word_1_101' title='bbox 1652 754 1686 790; x_wconf 91' lang='lat' dir='ltr'>al</span> <span class='ocrx_word' id='word_1_102' title='bbox 1705 754 1873 802; x_wconf 85' lang='lat' dir='ltr'>Thierry,</span> <span class='ocrx_word' id='word_1_103' title='bbox 1893 766 1982 790; x_wconf 92' lang='lat' dir='ltr'>con-</span> 
     </span>
     <span class='ocr_line' id='line_1_11' title="bbox 129 815 1982 864; baseline 0 -12"><span class='ocrx_word' id='word_1_104' title='bbox 129 816 367 853; x_wconf 88' lang='lat' dir='ltr'>cordemente</span> <span class='ocrx_word' id='word_1_105' title='bbox 395 828 518 854; x_wconf 85' lang='lat' dir='ltr'>messo</span> <span class='ocrx_word' id='word_1_106' title='bbox 544 817 581 852; x_wconf 91' lang='lat' dir='ltr'>in</span> <span class='ocrx_word' id='word_1_107' title='bbox 610 815 788 853; x_wconf 89' lang='lat' dir='ltr'>evidenza</span> <span class='ocrx_word' id='word_1_108' title='bbox 815 816 840 852; x_wconf 89' lang='lat' dir='ltr'>il</span> <span class='ocrx_word' id='word_1_109' title='bbox 868 816 1050 863; x_wconf 90' lang='lat' dir='ltr'>singolare</span> <span class='ocrx_word' id='word_1_110' title='bbox 1079 816 1255 864; x_wconf 87' lang='lat' dir='ltr'>coraggio</span> <span class='ocrx_word' id='word_1_111' title='bbox 1275 827 1295 851; x_wconf 91' lang='lat' dir='ltr'>e</span> <span class='ocrx_word' id='word_1_112' title='bbox 1314 815 1349 851; x_wconf 94' lang='lat' dir='ltr'>la</span> <span class='ocrx_word' id='word_1_113' title='bbox 1367 815 1549 863; x_wconf 89' lang='lat' dir='ltr'>prodezza</span> <span class='ocrx_word' id='word_1_114' title='bbox 1569 817 1628 852; x_wconf 90' lang='lat' dir='ltr'>del</span> <span class='ocrx_word' id='word_1_115' title='bbox 1646 816 1795 852; x_wconf 89' lang='lat' dir='ltr'>braccio</span> <span class='ocrx_word' id='word_1_116' title='bbox 1815 829 1835 852; x_wconf 92' lang='lat' dir='ltr'>e</span> <span class='ocrx_word' id='word_1_117' title='bbox 1854 816 1887 852; x_wconf 88' lang='lat' dir='ltr'>le</span> <span class='ocrx_word' id='word_1_118' title='bbox 1907 829 1982 852; x_wconf 90' lang='lat' dir='ltr'>non</span> 
     </span>
     <span class='ocr_line' id='line_1_12' title="bbox 128 878 1980 927; baseline -0.001 -11"><span class='ocrx_word' id='word_1_119' title='bbox 128 880 279 916; x_wconf 90' lang='lat' dir='ltr'>comuni</span> <span class='ocrx_word' id='word_1_120' title='bbox 307 879 388 916; x_wconf 91' lang='lat' dir='ltr'>doti</span> <span class='ocrx_word' id='word_1_121' title='bbox 414 880 632 926; x_wconf 85' lang='lat' dir='ltr'>guerresche</span> <span class='ocrx_word' id='word_1_122' title='bbox 662 878 698 915; x_wconf 94' lang='lat' dir='ltr'>di</span> <span class='ocrx_word' id='word_1_123' title='bbox 726 878 847 927; x_wconf 89' lang='lat' dir='ltr'>quelle</span> <span class='ocrx_word' id='word_1_124' title='bbox 875 879 975 926; x_wconf 87' lang='lat' dir='ltr'>genti</span> <span class='ocrx_word' id='word_1_125' title='bbox 1011 878 1072 915; x_wconf 92' lang='lat' dir='ltr'>del</span> <span class='ocrx_word' id='word_1_126' title='bbox 1110 879 1348 915; x_wconf 88' lang='lat' dir='ltr'>settentrione</span> <span class='ocrx_word' id='word_1_127' title='bbox 1387 879 1468 924; x_wconf 91' lang='lat' dir='ltr'>che,</span> <span class='ocrx_word' id='word_1_128' title='bbox 1505 880 1543 914; x_wconf 89' lang='lat' dir='ltr'>in</span> <span class='ocrx_word' id='word_1_129' title='bbox 1580 891 1653 915; x_wconf 92' lang='lat' dir='ltr'>uno</span> <span class='ocrx_word' id='word_1_130' title='bbox 1690 886 1805 915; x_wconf 89' lang='lat' dir='ltr'>stesso</span> <span class='ocrx_word' id='word_1_131' title='bbox 1841 880 1980 924; x_wconf 91' lang='lat' dir='ltr'>secolo,</span> 
     </span>
     <span class='ocr_line' id='line_1_13' title="bbox 125 940 1980 991; baseline -0.002 -11"><span class='ocrx_word' id='word_1_132' title='bbox 125 943 402 990; x_wconf 79' lang='lat' dir='ltr'>soggiogarono</span> <span class='ocrx_word' id='word_1_133' title='bbox 429 941 672 991; x_wconf 90' lang='lat' dir='ltr'>l&#39;Inghilterra</span> <span class='ocrx_word' id='word_1_134' title='bbox 700 953 720 976; x_wconf 90' lang='lat' dir='ltr'>e</span> <span class='ocrx_word' id='word_1_135' title='bbox 749 942 1035 989; x_wconf 87' lang='lat' dir='ltr'>conquistarono</span> <span class='ocrx_word' id='word_1_136' title='bbox 1063 940 1196 978; x_wconf 86' lang='lat' dir='ltr'>l&#39;Italia</span> <span class='ocrx_word' id='word_1_137' title='bbox 1224 940 1284 977; x_wconf 89' lang='lat' dir='ltr'>del</span> <span class='ocrx_word' id='word_1_138' title='bbox 1302 942 1581 988; x_wconf 88' lang='lat' dir='ltr'>mezzogiorno,</span> <span class='ocrx_word' id='word_1_139' title='bbox 1602 943 1793 978; x_wconf 90' lang='lat' dir='ltr'>entrambe</span> <span class='ocrx_word' id='word_1_140' title='bbox 1812 943 1849 977; x_wconf 91' lang='lat' dir='ltr'>in</span> <span class='ocrx_word' id='word_1_141' title='bbox 1868 941 1980 989; x_wconf 87' lang='lat' dir='ltr'>preda</span> 
     </span>
     <span class='ocr_line' id='line_1_14' title="bbox 126 992 1980 1052; baseline 0 -12"><span class='ocrx_word' id='word_1_142' title='bbox 126 1004 371 1050; x_wconf 85' lang='lat' dir='ltr'>all’anarchia,</span> <span class='ocrx_word' id='word_1_143' title='bbox 401 1016 421 1040; x_wconf 90' lang='lat' dir='ltr'>e</span> <span class='ocrx_word' id='word_1_144' title='bbox 449 1005 486 1042; x_wconf 83' lang='lat' dir='ltr'>vi</span> <span class='ocrx_word' id='word_1_145' title='bbox 514 1016 692 1040; x_wconf 87' lang='lat' dir='ltr'>crearono</span> <span class='ocrx_word' id='word_1_146' title='bbox 721 1004 791 1040; x_wconf 89' lang='lat' dir='ltr'>due</span> <span class='ocrx_word' id='word_1_147' title='bbox 811 1003 897 1040; x_wconf 86' lang='lat' dir='ltr'>forti</span> <span class='ocrx_word' id='word_1_148' title='bbox 915 1004 1008 1039; x_wconf 88' lang='lat' dir='ltr'><strong>Stati</strong></span> <span class='ocrx_word' id='word_1_149' title='bbox 1027 1003 1198 1039; x_wconf 87' lang='lat' dir='ltr'>unitarii?</span> <span class='ocrx_word' id='word_1_150' title='bbox 1226 992 1259 1038; x_wconf 76' lang='lat' dir='ltr'>E</span> <span class='ocrx_word' id='word_1_151' title='bbox 1278 1004 1452 1051; x_wconf 89' lang='lat' dir='ltr'>risaputo,</span> <span class='ocrx_word' id='word_1_152' title='bbox 1475 1004 1646 1050; x_wconf 88' lang='lat' dir='ltr'>peraltro,</span> <span class='ocrx_word' id='word_1_153' title='bbox 1668 1017 1775 1041; x_wconf 91' lang='lat' dir='ltr'>come</span> <span class='ocrx_word' id='word_1_154' title='bbox 1796 1005 1831 1039; x_wconf 91' lang='lat' dir='ltr'>in</span> <span class='ocrx_word' id='word_1_155' title='bbox 1850 1009 1980 1052; x_wconf 86' lang='lat' dir='ltr'>questo</span> 
     </span>
     <span class='ocr_line' id='line_1_15' title="bbox 126 1067 1984 1116; baseline 0 -13"><span class='ocrx_word' id='word_1_156' title='bbox 126 1074 255 1104; x_wconf 81' lang='lat' dir='ltr'>nostro</span> <span class='ocrx_word' id='word_1_157' title='bbox 282 1079 392 1116; x_wconf 91' lang='lat' dir='ltr'>paese</span> <span class='ocrx_word' id='word_1_158' title='bbox 421 1067 509 1114; x_wconf 90' lang='lat' dir='ltr'>ogni</span> <span class='ocrx_word' id='word_1_159' title='bbox 536 1068 664 1114; x_wconf 87' lang='lat' dir='ltr'>spirito</span> <span class='ocrx_word' id='word_1_160' title='bbox 691 1078 890 1113; x_wconf 89' lang='lat' dir='ltr'>guerresco</span> <span class='ocrx_word' id='word_1_161' title='bbox 918 1067 1014 1102; x_wconf 87' lang='lat' dir='ltr'>fosse</span> <span class='ocrx_word' id='word_1_162' title='bbox 1042 1072 1173 1114; x_wconf 88' lang='lat' dir='ltr'>spento</span> <span class='ocrx_word' id='word_1_163' title='bbox 1202 1079 1223 1102; x_wconf 89' lang='lat' dir='ltr'>e</span> <span class='ocrx_word' id='word_1_164' title='bbox 1262 1079 1371 1103; x_wconf 91' lang='lat' dir='ltr'>come</span> <span class='ocrx_word' id='word_1_165' title='bbox 1409 1067 1443 1102; x_wconf 98' lang='grc'>13</span> <span class='ocrx_word' id='word_1_166' title='bbox 1480 1068 1591 1104; x_wconf 91' lang='lat' dir='ltr'>storia</span> <span class='ocrx_word' id='word_1_167' title='bbox 1628 1068 1690 1115; x_wconf 72' lang='lat' dir='ltr'>piu</span> <span class='ocrx_word' id='word_1_168' title='bbox 1725 1072 1872 1104; x_wconf 90' lang='lat' dir='ltr'>recente</span> <span class='ocrx_word' id='word_1_169' title='bbox 1909 1080 1984 1103; x_wconf 91' lang='lat' dir='ltr'>non</span> 
     </span>
     <span class='ocr_line' id='line_1_16' title="bbox 125 1127 1982 1177; baseline -0.001 -11"><span class='ocrx_word' id='word_1_170' title='bbox 125 1130 334 1177; x_wconf 88' lang='lat' dir='ltr'>registrasse</span> <span class='ocrx_word' id='word_1_171' title='bbox 364 1130 431 1165; x_wconf 89' lang='lat' dir='ltr'>che</span> <span class='ocrx_word' id='word_1_172' title='bbox 461 1129 603 1166; x_wconf 86' lang='lat' dir='ltr'>disastri</span> <span class='ocrx_word' id='word_1_173' title='bbox 631 1140 651 1163; x_wconf 93' lang='lat' dir='ltr'>e</span> <span class='ocrx_word' id='word_1_174' title='bbox 678 1128 777 1164; x_wconf 89' lang='lat' dir='ltr'>inani</span> <span class='ocrx_word' id='word_1_175' title='bbox 805 1128 978 1165; x_wconf 88' lang='lat' dir='ltr'>tentativi</span> <span class='ocrx_word' id='word_1_176' title='bbox 1006 1127 1041 1163; x_wconf 93' lang='lat' dir='ltr'>di</span> <span class='ocrx_word' id='word_1_177' title='bbox 1076 1127 1331 1175; x_wconf 89' lang='lat' dir='ltr'>popolazioni,</span> <span class='ocrx_word' id='word_1_178' title='bbox 1370 1134 1546 1165; x_wconf 89' lang='lat' dir='ltr'>costrette</span> <span class='ocrx_word' id='word_1_179' title='bbox 1574 1142 1594 1165; x_wconf 89' lang='lat' dir='ltr'>a</span> <span class='ocrx_word' id='word_1_180' title='bbox 1628 1128 1823 1165; x_wconf 89' lang='lat' dir='ltr'>difendersi</span> <span class='ocrx_word' id='word_1_181' title='bbox 1861 1130 1909 1165; x_wconf 90' lang='lat' dir='ltr'>da</span> <span class='ocrx_word' id='word_1_182' title='bbox 1944 1130 1982 1165; x_wconf 72' lang='lat' dir='ltr'>se</span> 
     </span>
     <span class='ocr_line' id='line_1_17' title="bbox 126 1190 1983 1240; baseline -0.001 -11"><span class='ocrx_word' id='word_1_183' title='bbox 126 1192 187 1229; x_wconf 87' lang='lat' dir='ltr'>dai</span> <span class='ocrx_word' id='word_1_184' title='bbox 213 1192 394 1240; x_wconf 84' lang='lat' dir='ltr'>frequenti</span> <span class='ocrx_word' id='word_1_185' title='bbox 422 1191 544 1228; x_wconf 89' lang='lat' dir='ltr'>assalti</span> <span class='ocrx_word' id='word_1_186' title='bbox 572 1191 764 1228; x_wconf 86' lang='lat' dir='ltr'>barbarici.</span> <span class='ocrx_word' id='word_1_187' title='bbox 819 1192 894 1236; x_wconf 73' lang='lat' dir='ltr'>Ne,</span> <span class='ocrx_word' id='word_1_188' title='bbox 924 1190 959 1226; x_wconf 89' lang='lat' dir='ltr'>al</span> <span class='ocrx_word' id='word_1_189' title='bbox 989 1191 1187 1236; x_wconf 86' lang='lat' dir='ltr'>contrario,</span> <span class='ocrx_word' id='word_1_190' title='bbox 1216 1193 1289 1238; x_wconf 75' lang='lat' dir='ltr'>pub</span> <span class='ocrx_word' id='word_1_191' title='bbox 1318 1193 1462 1239; x_wconf 86' lang='lat' dir='ltr'>negarsi</span> <span class='ocrx_word' id='word_1_192' title='bbox 1482 1192 1549 1228; x_wconf 91' lang='lat' dir='ltr'>che</span> <span class='ocrx_word' id='word_1_193' title='bbox 1568 1193 1580 1227; x_wconf 94' lang='lat' dir='ltr'>i</span> <span class='ocrx_word' id='word_1_194' title='bbox 1599 1191 1805 1228; x_wconf 88' lang='lat' dir='ltr'>Normanni</span> <span class='ocrx_word' id='word_1_195' title='bbox 1833 1193 1983 1228; x_wconf 90' lang='lat' dir='ltr'>dessero</span> 
     </span>
     <span class='ocr_line' id='line_1_18' title="bbox 125 1253 1984 1302; baseline -0.001 -11"><span class='ocrx_word' id='word_1_196' title='bbox 125 1255 318 1292; x_wconf 87' lang='lat' dir='ltr'>nell&#39;Italia</span> <span class='ocrx_word' id='word_1_197' title='bbox 346 1254 588 1291; x_wconf 88' lang='lat' dir='ltr'>meridionale</span> <span class='ocrx_word' id='word_1_198' title='bbox 616 1266 733 1302; x_wconf 90' lang='lat' dir='ltr'>prove</span> <span class='ocrx_word' id='word_1_199' title='bbox 763 1253 1034 1290; x_wconf 89' lang='lat' dir='ltr'>brillantissime</span> <span class='ocrx_word' id='word_1_200' title='bbox 1062 1254 1098 1290; x_wconf 90' lang='lat' dir='ltr'>di</span> <span class='ocrx_word' id='word_1_201' title='bbox 1128 1254 1314 1301; x_wconf 88' lang='lat' dir='ltr'>singolare</span> <span class='ocrx_word' id='word_1_202' title='bbox 1344 1253 1526 1301; x_wconf 87' lang='lat' dir='ltr'>prodezza</span> <span class='ocrx_word' id='word_1_203' title='bbox 1555 1254 1601 1290; x_wconf 88' lang='lat' dir='ltr'>ed</span> <span class='ocrx_word' id='word_1_204' title='bbox 1629 1255 1768 1302; x_wconf 88' lang='lat' dir='ltr'>esempi</span> <span class='ocrx_word' id='word_1_205' title='bbox 1788 1253 1824 1289; x_wconf 90' lang='lat' dir='ltr'>di</span> <span class='ocrx_word' id='word_1_206' title='bbox 1844 1255 1984 1291; x_wconf 87' lang='lat' dir='ltr'>slancio</span> 
     </span>
     <span class='ocr_line' id='line_1_19' title="bbox 126 1316 1980 1365; baseline -0.002 -10"><span class='ocrx_word' id='word_1_207' title='bbox 126 1318 378 1355; x_wconf 83' lang='lat' dir='ltr'>ardimentoso</span> <span class='ocrx_word' id='word_1_208' title='bbox 394 1330 402 1355; x_wconf 93' lang='lat'>:</span> <span class='ocrx_word' id='word_1_209' title='bbox 423 1317 606 1364; x_wconf 91' lang='lat' dir='ltr'>prodezza</span> <span class='ocrx_word' id='word_1_210' title='bbox 625 1329 645 1352; x_wconf 93' lang='lat' dir='ltr'>e</span> <span class='ocrx_word' id='word_1_211' title='bbox 664 1316 806 1354; x_wconf 87' lang='lat' dir='ltr'>slancio</span> <span class='ocrx_word' id='word_1_212' title='bbox 826 1322 929 1352; x_wconf 90' lang='lat' dir='ltr'>tanto</span> <span class='ocrx_word' id='word_1_213' title='bbox 948 1317 1009 1363; x_wconf 75' lang='lat' dir='ltr'>piu</span> <span class='ocrx_word' id='word_1_214' title='bbox 1038 1316 1240 1365; x_wconf 88' lang='lat' dir='ltr'>eloquenti,</span> <span class='ocrx_word' id='word_1_215' title='bbox 1262 1322 1399 1364; x_wconf 89' lang='lat' dir='ltr'>quanto</span> <span class='ocrx_word' id='word_1_216' title='bbox 1429 1317 1490 1365; x_wconf 75' lang='lat' dir='ltr'>piu</span> <span class='ocrx_word' id='word_1_217' title='bbox 1518 1317 1652 1353; x_wconf 90' lang='lat' dir='ltr'>insoliti</span> <span class='ocrx_word' id='word_1_218' title='bbox 1672 1317 1770 1353; x_wconf 88' lang='lat' dir='ltr'>nella</span> <span class='ocrx_word' id='word_1_219' title='bbox 1788 1318 1980 1354; x_wconf 88' lang='lat' dir='ltr'>contrada.</span> 
     </span>
     <span class='ocr_line' id='line_1_20' title="bbox 124 1379 1979 1428; baseline -0.002 -10"><span class='ocrx_word' id='word_1_220' title='bbox 124 1381 154 1418; x_wconf 90' lang='lat'>11</span> <span class='ocrx_word' id='word_1_221' title='bbox 180 1381 393 1425; x_wconf 84' lang='lat' dir='ltr'>Malaterra‚</span> <span class='ocrx_word' id='word_1_222' title='bbox 413 1380 465 1416; x_wconf 80' lang='lat' dir='ltr'>s&#39;e</span> <span class='ocrx_word' id='word_1_223' title='bbox 485 1379 602 1426; x_wconf 89' lang='lat' dir='ltr'>detto,</span> <span class='ocrx_word' id='word_1_224' title='bbox 621 1392 667 1416; x_wconf 90' lang='lat' dir='ltr'>ne</span> <span class='ocrx_word' id='word_1_225' title='bbox 687 1392 734 1415; x_wconf 89' lang='lat' dir='ltr'>va</span> <span class='ocrx_word' id='word_1_226' title='bbox 762 1379 987 1426; x_wconf 84' lang='lat' dir='ltr'>entusiasta3</span> <span class='ocrx_word' id='word_1_227' title='bbox 1007 1391 1040 1425; x_wconf 89' lang='lat' dir='ltr'>e,</span> <span class='ocrx_word' id='word_1_228' title='bbox 1070 1379 1218 1428; x_wconf 93' lang='lat' dir='ltr'>quando</span> <span class='ocrx_word' id='word_1_229' title='bbox 1246 1379 1293 1414; x_wconf 91' lang='lat' dir='ltr'>ha</span> <span class='ocrx_word' id='word_1_230' title='bbox 1321 1380 1368 1416; x_wconf 91' lang='lat' dir='ltr'>da</span> <span class='ocrx_word' id='word_1_231' title='bbox 1395 1379 1575 1427; x_wconf 87' lang='lat' dir='ltr'>parlarne,</span> <span class='ocrx_word' id='word_1_232' title='bbox 1603 1380 1632 1415; x_wconf 91' lang='lat' dir='ltr'>si</span> <span class='ocrx_word' id='word_1_233' title='bbox 1659 1379 1772 1416; x_wconf 89' lang='lat' dir='ltr'>lascia</span> <span class='ocrx_word' id='word_1_234' title='bbox 1800 1379 1979 1427; x_wconf 87' lang='lat' dir='ltr'>prendere</span> 
     </span>
     <span class='ocr_line' id='line_1_21' title="bbox 125 1441 1080 1490; baseline -0.002 -12"><span class='ocrx_word' id='word_1_235' title='bbox 125 1442 224 1479; x_wconf 88' lang='lat' dir='ltr'>dalla</span> <span class='ocrx_word' id='word_1_236' title='bbox 251 1443 341 1490; x_wconf 88' lang='lat' dir='ltr'>foga</span> <span class='ocrx_word' id='word_1_237' title='bbox 366 1443 614 1490; x_wconf 78' lang='lat' dir='ltr'>apologetica,</span> <span class='ocrx_word' id='word_1_238' title='bbox 643 1455 663 1479; x_wconf 90' lang='lat' dir='ltr'>e</span> <span class='ocrx_word' id='word_1_239' title='bbox 692 1441 738 1477; x_wconf 72' lang='lat' dir='ltr'>da</span> <span class='ocrx_word' id='word_1_240' title='bbox 766 1442 824 1477; x_wconf 87' lang='lat' dir='ltr'>nel</span> <span class='ocrx_word' id='word_1_241' title='bbox 852 1442 1080 1490; x_wconf 88' lang='lat' dir='ltr'>panegirico.</span> 
     </span>
    </p>

    <p class='ocr_par' dir='ltr' id='par_1_4' title="bbox 214 1499 1820 1554">
     <span class='ocr_line' id='line_1_22' title="bbox 214 1499 1820 1554; baseline -0.002 -12"><span class='ocrx_word' id='word_1_242' title='bbox 214 1499 248 1542; x_wconf 86' lang='lat' dir='ltr'>E</span> <span class='ocrx_word' id='word_1_243' title='bbox 274 1510 403 1554; x_wconf 87' lang='lat' dir='ltr'>questa</span> <span class='ocrx_word' id='word_1_244' title='bbox 432 1506 586 1542; x_wconf 88' lang='lat' dir='ltr'>un’altra</span> <span class='ocrx_word' id='word_1_245' title='bbox 613 1504 807 1550; x_wconf 88' lang='lat' dir='ltr'>tendenza,</span> <span class='ocrx_word' id='word_1_246' title='bbox 838 1505 906 1541; x_wconf 90' lang='lat' dir='ltr'>che</span> <span class='ocrx_word' id='word_1_247' title='bbox 935 1504 1075 1540; x_wconf 87' lang='lat' dir='ltr'>offusca</span> <span class='ocrx_word' id='word_1_248' title='bbox 1103 1505 1138 1540; x_wconf 90' lang='lat' dir='ltr'>la</span> <span class='ocrx_word' id='word_1_249' title='bbox 1165 1504 1325 1541; x_wconf 71' lang='lat' dir='ltr'>serenita</span> <span class='ocrx_word' id='word_1_250' title='bbox 1353 1503 1412 1540; x_wconf 90' lang='lat' dir='ltr'>del</span> <span class='ocrx_word' id='word_1_251' title='bbox 1439 1516 1507 1541; x_wconf 90' lang='lat' dir='ltr'>suo</span> <span class='ocrx_word' id='word_1_252' title='bbox 1534 1517 1642 1542; x_wconf 88' lang='lat' dir='ltr'>senso</span> <span class='ocrx_word' id='word_1_253' title='bbox 1670 1505 1820 1541; x_wconf 83' lang='lat' dir='ltr'>storico.</span> 
     </span>
    </p>

    <p class='ocr_par' dir='ltr' id='par_1_5' title="bbox 123 1566 1986 2743">
     <span class='ocr_line' id='line_1_23' title="bbox 212 1566 1984 1615; baseline -0.001 -10"><span class='ocrx_word' id='word_1_254' title='bbox 212 1569 256 1605; x_wconf 92' lang='lat' dir='ltr'>In</span> <span class='ocrx_word' id='word_1_255' title='bbox 282 1580 413 1605; x_wconf 87' lang='lat' dir='ltr'>mezzo</span> <span class='ocrx_word' id='word_1_256' title='bbox 441 1568 476 1604; x_wconf 90' lang='lat' dir='ltr'>ai</span> <span class='ocrx_word' id='word_1_257' title='bbox 505 1568 689 1615; x_wconf 90' lang='lat' dir='ltr'>campioni</span> <span class='ocrx_word' id='word_1_258' title='bbox 717 1568 849 1604; x_wconf 89' lang='lat' dir='ltr'>discesi</span> <span class='ocrx_word' id='word_1_259' title='bbox 876 1566 1091 1604; x_wconf 89' lang='lat' dir='ltr'>dall&#39;eroica</span> <span class='ocrx_word' id='word_1_260' title='bbox 1111 1573 1208 1603; x_wconf 88' lang='lat' dir='ltr'>terra</span> <span class='ocrx_word' id='word_1_261' title='bbox 1236 1567 1272 1603; x_wconf 92' lang='lat' dir='ltr'>di</span> <span class='ocrx_word' id='word_1_262' title='bbox 1300 1568 1533 1605; x_wconf 89' lang='lat' dir='ltr'>Normandia</span> <span class='ocrx_word' id='word_1_263' title='bbox 1561 1567 1729 1613; x_wconf 89' lang='lat' dir='ltr'>brillano,</span> <span class='ocrx_word' id='word_1_264' title='bbox 1757 1580 1823 1615; x_wconf 90' lang='lat' dir='ltr'>per</span> <span class='ocrx_word' id='word_1_265' title='bbox 1850 1568 1984 1604; x_wconf 90' lang='lat' dir='ltr'>invitto</span> 
     </span>
     <span class='ocr_line' id='line_1_24' title="bbox 126 1629 1985 1678; baseline -0.001 -11"><span class='ocrx_word' id='word_1_266' title='bbox 126 1632 301 1677; x_wconf 85' lang='lat' dir='ltr'>eroismo,</span> <span class='ocrx_word' id='word_1_267' title='bbox 320 1632 333 1667; x_wconf 91' lang='lat' dir='ltr'>i</span> <span class='ocrx_word' id='word_1_268' title='bbox 352 1630 504 1678; x_wconf 89' lang='lat' dir='ltr'>figliuoli</span> <span class='ocrx_word' id='word_1_269' title='bbox 523 1630 560 1666; x_wconf 91' lang='lat' dir='ltr'>di</span> <span class='ocrx_word' id='word_1_270' title='bbox 581 1631 674 1667; x_wconf 83' lang='lat' dir='ltr'>Casa</span> <span class='ocrx_word' id='word_1_271' title='bbox 693 1629 922 1666; x_wconf 85' lang='lat' dir='ltr'>d&#39;Altavilla.</span> <span class='ocrx_word' id='word_1_272' title='bbox 978 1630 1020 1666; x_wconf 90' lang='lat' dir='ltr'>In</span> <span class='ocrx_word' id='word_1_273' title='bbox 1047 1629 1130 1664; x_wconf 90' lang='lat' dir='ltr'>loro</span> <span class='ocrx_word' id='word_1_274' title='bbox 1150 1630 1178 1665; x_wconf 84' lang='lat' dir='ltr'>si</span> <span class='ocrx_word' id='word_1_275' title='bbox 1199 1629 1370 1665; x_wconf 88' lang='lat' dir='ltr'>adunano</span> <span class='ocrx_word' id='word_1_276' title='bbox 1393 1635 1483 1666; x_wconf 88' lang='lat' dir='ltr'>tutte</span> <span class='ocrx_word' id='word_1_277' title='bbox 1502 1629 1536 1666; x_wconf 94' lang='lat' dir='ltr'>le</span> <span class='ocrx_word' id='word_1_278' title='bbox 1556 1630 1663 1675; x_wconf 77' lang='lat' dir='ltr'>virtu,</span> <span class='ocrx_word' id='word_1_279' title='bbox 1684 1642 1746 1666; x_wconf 91' lang='lat' dir='ltr'>ma</span> <span class='ocrx_word' id='word_1_280' title='bbox 1764 1630 1801 1664; x_wconf 90' lang='lat' dir='ltr'>in</span> <span class='ocrx_word' id='word_1_281' title='bbox 1820 1630 1985 1665; x_wconf 88' lang='lat' dir='ltr'>maniera</span> 
     </span>
     <span class='ocr_line' id='line_1_25' title="bbox 124 1692 1985 1741; baseline -0.002 -11"><span class='ocrx_word' id='word_1_282' title='bbox 124 1693 284 1741; x_wconf 87' lang='lat' dir='ltr'>speciale</span> <span class='ocrx_word' id='word_1_283' title='bbox 311 1694 485 1741; x_wconf 88' lang='lat' dir='ltr'>spiccano</span> <span class='ocrx_word' id='word_1_284' title='bbox 514 1694 548 1729; x_wconf 93' lang='lat' dir='ltr'>le</span> <span class='ocrx_word' id='word_1_285' title='bbox 577 1692 657 1729; x_wconf 90' lang='lat' dir='ltr'>doti</span> <span class='ocrx_word' id='word_1_286' title='bbox 684 1692 784 1739; x_wconf 86' lang='lat' dir='ltr'>degli</span> <span class='ocrx_word' id='word_1_287' title='bbox 804 1692 943 1728; x_wconf 89' lang='lat' dir='ltr'>uomini</span> <span class='ocrx_word' id='word_1_288' title='bbox 963 1692 1000 1728; x_wconf 92' lang='lat' dir='ltr'>di</span> <span class='ocrx_word' id='word_1_289' title='bbox 1019 1703 1161 1739; x_wconf 89' lang='lat' dir='ltr'>guerra.</span> <span class='ocrx_word' id='word_1_290' title='bbox 1217 1693 1379 1740; x_wconf 89' lang='lat' dir='ltr'>Emerge</span> <span class='ocrx_word' id='word_1_291' title='bbox 1408 1705 1448 1728; x_wconf 90' lang='lat' dir='ltr'>su</span> <span class='ocrx_word' id='word_1_292' title='bbox 1467 1693 1564 1738; x_wconf 86' lang='lat' dir='ltr'>tutti,</span> <span class='ocrx_word' id='word_1_293' title='bbox 1584 1693 1635 1727; x_wconf 92' lang='lat' dir='ltr'>fin</span> <span class='ocrx_word' id='word_1_294' title='bbox 1655 1692 1700 1727; x_wconf 91' lang='lat' dir='ltr'>da</span> <span class='ocrx_word' id='word_1_295' title='bbox 1728 1692 1876 1741; x_wconf 88' lang='lat' dir='ltr'>quando</span> <span class='ocrx_word' id='word_1_296' title='bbox 1894 1704 1985 1739; x_wconf 90' lang='lat' dir='ltr'>pose</span> 
     </span>
     <span class='ocr_line' id='line_1_26' title="bbox 123 1754 1984 1805; baseline -0.001 -13"><span class='ocrx_word' id='word_1_297' title='bbox 123 1755 233 1805; x_wconf 89' lang='lat' dir='ltr'>piede</span> <span class='ocrx_word' id='word_1_298' title='bbox 259 1756 298 1791; x_wconf 91' lang='lat' dir='ltr'>in</span> <span class='ocrx_word' id='word_1_299' title='bbox 325 1755 440 1801; x_wconf 88' lang='lat' dir='ltr'>Italia,</span> <span class='ocrx_word' id='word_1_300' title='bbox 462 1755 497 1792; x_wconf 92' lang='lat' dir='ltr'>la</span> <span class='ocrx_word' id='word_1_301' title='bbox 515 1755 631 1803; x_wconf 85' lang='lat' dir='ltr'>figura</span> <span class='ocrx_word' id='word_1_302' title='bbox 651 1755 711 1792; x_wconf 89' lang='lat' dir='ltr'>del</span> <span class='ocrx_word' id='word_1_303' title='bbox 731 1760 842 1791; x_wconf 90' lang='lat' dir='ltr'>conte</span> <span class='ocrx_word' id='word_1_304' title='bbox 861 1755 1076 1802; x_wconf 86' lang='lat' dir='ltr'>Ruggier0:</span> <span class='ocrx_word' id='word_1_305' title='bbox 1098 1766 1160 1790; x_wconf 88' lang='lat' dir='ltr'>era</span> <span class='ocrx_word' id='word_1_306' title='bbox 1178 1754 1290 1791; x_wconf 91' lang='lat' dir='ltr'>allora</span> <span class='ocrx_word' id='word_1_307' title='bbox 1314 1754 1332 1773; x_wconf 90' lang='lat'>“</span> <span class='ocrx_word' id='word_1_308' title='bbox 1350 1755 1491 1791; x_wconf 91' lang='lat' dir='ltr'>iuvenis</span> <span class='ocrx_word' id='word_1_309' title='bbox 1510 1755 1787 1802; x_wconf 89' lang='lat' dir='ltr'>pulcherrimus,</span> <span class='ocrx_word' id='word_1_310' title='bbox 1807 1767 1984 1802; x_wconf 81' lang='lat' dir='ltr'>procerae</span> 
     </span>
     <span class='ocr_line' id='line_1_27' title="bbox 133 1817 1985 1867; baseline -0.002 -11"><span class='ocrx_word' id='word_1_311' title='bbox 133 1818 148 1837; x_wconf 72' lang='lat'>⁸</span> <span class='ocrx_word' id='word_1_312' title='bbox 167 1823 338 1865; x_wconf 80' lang='lat' dir='ltr'>staturae,</span> <span class='ocrx_word' id='word_1_313' title='bbox 368 1819 529 1866; x_wconf 83' lang='lat' dir='ltr'>eleganti</span> <span class='ocrx_word' id='word_1_314' title='bbox 558 1830 728 1867; x_wconf 90' lang='lat' dir='ltr'>corpore,</span> <span class='ocrx_word' id='word_1_315' title='bbox 757 1819 879 1864; x_wconf 90' lang='lat' dir='ltr'>lingua</span> <span class='ocrx_word' id='word_1_316' title='bbox 899 1817 1188 1864; x_wconf 85' lang='lat' dir='ltr'>facundissimus,</span> <span class='ocrx_word' id='word_1_317' title='bbox 1218 1817 1374 1854; x_wconf 89' lang='lat' dir='ltr'>consilio</span> <span class='ocrx_word' id='word_1_318' title='bbox 1393 1818 1541 1864; x_wconf 90' lang='lat' dir='ltr'>callens,</span> <span class='ocrx_word' id='word_1_319' title='bbox 1562 1818 1599 1852; x_wconf 89' lang='lat' dir='ltr'>in</span> <span class='ocrx_word' id='word_1_320' title='bbox 1619 1818 1851 1853; x_wconf 86' lang='lat' dir='ltr'>ordinatione</span> <span class='ocrx_word' id='word_1_321' title='bbox 1872 1829 1985 1865; x_wconf 91' lang='lat' dir='ltr'>agen-</span> 
     </span>
     <span class='ocr_line' id='line_1_28' title="bbox 131 1879 1982 1929; baseline -0.002 -11"><span class='ocrx_word' id='word_1_322' title='bbox 131 1881 147 1900; x_wconf 85' lang='lat'>‘</span> <span class='ocrx_word' id='word_1_323' title='bbox 165 1881 295 1918; x_wconf 84' lang='lat' dir='ltr'>darum</span> <span class='ocrx_word' id='word_1_324' title='bbox 321 1893 444 1918; x_wconf 86' lang='lat' dir='ltr'>rerum</span> <span class='ocrx_word' id='word_1_325' title='bbox 479 1881 669 1929; x_wconf 88' lang='lat' dir='ltr'>providus,</span> <span class='ocrx_word' id='word_1_326' title='bbox 698 1881 869 1917; x_wconf 87' lang='lat' dir='ltr'>omnibus</span> <span class='ocrx_word' id='word_1_327' title='bbox 903 1880 1084 1927; x_wconf 85' lang='lat' dir='ltr'>jocundus</span> <span class='ocrx_word' id='word_1_328' title='bbox 1120 1887 1158 1917; x_wconf 91' lang='lat' dir='ltr'>et</span> <span class='ocrx_word' id='word_1_329' title='bbox 1185 1880 1354 1926; x_wconf 80' lang='lat' dir='ltr'>affabilis,</span> <span class='ocrx_word' id='word_1_330' title='bbox 1384 1881 1522 1916; x_wconf 86' lang='lat' dir='ltr'>viribus</span> <span class='ocrx_word' id='word_1_331' title='bbox 1550 1880 1666 1925; x_wconf 88' lang='lat' dir='ltr'>fortis,</span> <span class='ocrx_word' id='word_1_332' title='bbox 1696 1879 1828 1915; x_wconf 86' lang='lat' dir='ltr'>militia</span> <span class='ocrx_word' id='word_1_333' title='bbox 1856 1880 1982 1916; x_wconf 86' lang='lat' dir='ltr'>ferox:</span> 
     </span>
     <span class='ocr_line' id='line_1_29' title="bbox 133 1942 1985 1993; baseline -0.001 -13"><span class='ocrx_word' id='word_1_334' title='bbox 133 1943 148 1962; x_wconf 81' lang='lat'>“</span> <span class='ocrx_word' id='word_1_335' title='bbox 165 1944 296 1993; x_wconf 92' lang='lat' dir='ltr'>quibus</span> <span class='ocrx_word' id='word_1_336' title='bbox 325 1944 463 1981; x_wconf 89' lang='lat' dir='ltr'>artibus</span> <span class='ocrx_word' id='word_1_337' title='bbox 498 1943 602 1980; x_wconf 90' lang='lat' dir='ltr'>brevi</span> <span class='ocrx_word' id='word_1_338' title='bbox 638 1948 807 1991; x_wconf 91' lang='lat' dir='ltr'>tempore</span> <span class='ocrx_word' id='word_1_339' title='bbox 836 1954 986 1979; x_wconf 89' lang='lat' dir='ltr'>omnem</span> <span class='ocrx_word' id='word_1_340' title='bbox 1012 1943 1168 1991; x_wconf 87' lang='lat' dir='ltr'>gratiam</span> <span class='ocrx_word' id='word_1_341' title='bbox 1194 1943 1340 1980; x_wconf 89' lang='lat' dir='ltr'>meruit.</span> <span class='ocrx_word' id='word_1_342' title='bbox 1398 1942 1493 1989; x_wconf 79' lang='lat' dir='ltr'>Quia</span> <span class='ocrx_word' id='word_1_343' title='bbox 1522 1955 1613 1979; x_wconf 90' lang='lat' dir='ltr'>vero</span> <span class='ocrx_word' id='word_1_344' title='bbox 1641 1943 1814 1979; x_wconf 90' lang='lat' dir='ltr'>factiosus</span> <span class='ocrx_word' id='word_1_345' title='bbox 1843 1948 1919 1979; x_wconf 90' lang='lat' dir='ltr'>erat</span> <span class='ocrx_word' id='word_1_346' title='bbox 1947 1948 1985 1979; x_wconf 92' lang='lat' dir='ltr'>et</span> 
     </span>
     <span class='ocr_line' id='line_1_30' title="bbox 132 2005 1984 2056; baseline -0.001 -13"><span class='ocrx_word' id='word_1_347' title='bbox 132 2006 284 2044; x_wconf 85' lang='lat' dir='ltr'>“laudis</span> <span class='ocrx_word' id='word_1_348' title='bbox 313 2012 500 2056; x_wconf 70' lang='lat' dir='ltr'>appetem,</span> <span class='ocrx_word' id='word_1_349' title='bbox 527 2006 703 2043; x_wconf 86' lang='lat' dir='ltr'>factiosos</span> <span class='ocrx_word' id='word_1_350' title='bbox 730 2017 896 2055; x_wconf 90' lang='lat' dir='ltr'>quosque</span> <span class='ocrx_word' id='word_1_351' title='bbox 923 2006 990 2042; x_wconf 86' lang='lat' dir='ltr'>sibi</span> <span class='ocrx_word' id='word_1_352' title='bbox 1019 2005 1184 2053; x_wconf 89' lang='lat' dir='ltr'>alligans,</span> <span class='ocrx_word' id='word_1_353' title='bbox 1214 2017 1380 2055; x_wconf 89' lang='lat' dir='ltr'>quaeque</span> <span class='ocrx_word' id='word_1_354' title='bbox 1413 2006 1547 2042; x_wconf 89' lang='lat' dir='ltr'>habere</span> <span class='ocrx_word' id='word_1_355' title='bbox 1576 2011 1733 2054; x_wconf 85' lang='lat' dir='ltr'>poterat,</span> <span class='ocrx_word' id='word_1_356' title='bbox 1762 2005 1920 2042; x_wconf 88' lang='lat' dir='ltr'>libenter</span> <span class='ocrx_word' id='word_1_357' title='bbox 1947 2011 1984 2042; x_wconf 88' lang='lat' dir='ltr'>et</span> 
     </span>
     <span class='ocr_line' id='line_1_31' title="bbox 135 2067 1982 2117; baseline -0.001 -12"><span class='ocrx_word' id='word_1_358' title='bbox 135 2069 151 2088; x_wconf 75' lang='lat'>⁸</span> <span class='ocrx_word' id='word_1_359' title='bbox 167 2069 371 2117; x_wconf 84' lang='lat' dir='ltr'>largissime</span> <span class='ocrx_word' id='word_1_360' title='bbox 398 2069 470 2107; x_wconf 90' lang='lat' dir='ltr'>illis</span> <span class='ocrx_word' id='word_1_361' title='bbox 497 2068 776 2116; x_wconf 81' lang='lat' dir='ltr'>impertiebatur</span> <span class='ocrx_word' id='word_1_362' title='bbox 793 2098 808 2116; x_wconf 86' lang='lat'><em>„</em></span> <span class='ocrx_word' id='word_1_363' title='bbox 828 2067 853 2104; x_wconf 81' lang='lat'>³.</span> <span class='ocrx_word' id='word_1_364' title='bbox 910 2070 966 2105; x_wconf 89' lang='lat' dir='ltr'>La</span> <span class='ocrx_word' id='word_1_365' title='bbox 993 2069 1094 2105; x_wconf 86' lang='lat' dir='ltr'>forza</span> <span class='ocrx_word' id='word_1_366' title='bbox 1122 2068 1181 2105; x_wconf 91' lang='lat' dir='ltr'>del</span> <span class='ocrx_word' id='word_1_367' title='bbox 1200 2080 1267 2104; x_wconf 87' lang='lat' dir='ltr'>suo</span> <span class='ocrx_word' id='word_1_368' title='bbox 1286 2069 1436 2105; x_wconf 91' lang='lat' dir='ltr'>braccio</span> <span class='ocrx_word' id='word_1_369' title='bbox 1455 2070 1475 2104; x_wconf 77' lang='lat' dir='ltr'>e</span> <span class='ocrx_word' id='word_1_370' title='bbox 1505 2070 1583 2117; x_wconf 89' lang='lat' dir='ltr'>pari</span> <span class='ocrx_word' id='word_1_371' title='bbox 1612 2069 1646 2104; x_wconf 89' lang='grc'>31</span> <span class='ocrx_word' id='word_1_372' title='bbox 1675 2074 1804 2116; x_wconf 90' lang='lat' dir='ltr'>potere</span> <span class='ocrx_word' id='word_1_373' title='bbox 1833 2067 1982 2114; x_wconf 89' lang='lat' dir='ltr'>magico</span> 
     </span>
     <span class='ocr_line' id='line_1_32' title="bbox 127 2131 1983 2181; baseline -0.001 -12"><span class='ocrx_word' id='word_1_374' title='bbox 127 2132 225 2170; x_wconf 88' lang='lat' dir='ltr'>della</span> <span class='ocrx_word' id='word_1_375' title='bbox 252 2144 316 2169; x_wconf 88' lang='lat' dir='ltr'>sua</span> <span class='ocrx_word' id='word_1_376' title='bbox 343 2131 478 2181; x_wconf 82' lang='lat' dir='ltr'>spada3</span> <span class='ocrx_word' id='word_1_377' title='bbox 505 2132 611 2168; x_wconf 86' lang='lat' dir='ltr'>basta</span> <span class='ocrx_word' id='word_1_378' title='bbox 639 2144 687 2168; x_wconf 90' lang='lat' dir='ltr'>un</span> <span class='ocrx_word' id='word_1_379' title='bbox 714 2132 886 2170; x_wconf 85' lang='lat' dir='ltr'>fendente</span> <span class='ocrx_word' id='word_1_380' title='bbox 915 2131 951 2168; x_wconf 92' lang='lat' dir='ltr'>di</span> <span class='ocrx_word' id='word_1_381' title='bbox 980 2143 1058 2168; x_wconf 88' lang='lat' dir='ltr'>essa</span> <span class='ocrx_word' id='word_1_382' title='bbox 1077 2144 1143 2180; x_wconf 91' lang='lat' dir='ltr'>per</span> <span class='ocrx_word' id='word_1_383' title='bbox 1169 2137 1332 2181; x_wconf 74' lang='lat' dir='ltr'>prostrat</span> <span class='ocrx_word' id='word_1_384' title='bbox 1358 2143 1380 2167; x_wconf 92' lang='lat' dir='ltr'>a</span> <span class='ocrx_word' id='word_1_385' title='bbox 1407 2138 1517 2176; x_wconf 87' lang='lat' dir='ltr'>terra,</span> <span class='ocrx_word' id='word_1_386' title='bbox 1537 2145 1558 2168; x_wconf 88' lang='lat' dir='ltr'>a</span> <span class='ocrx_word' id='word_1_387' title='bbox 1577 2132 1724 2178; x_wconf 86' lang='lat' dir='ltr'>Reggio</span> <span class='ocrx_word' id='word_1_388' title='bbox 1744 2131 1780 2167; x_wconf 92' lang='lat' dir='ltr'>di</span> <span class='ocrx_word' id='word_1_389' title='bbox 1801 2131 1983 2176; x_wconf 86' lang='lat' dir='ltr'>Calabria,</span> 
     </span>
     <span class='ocr_line' id='line_1_33' title="bbox 132 2193 1985 2243; baseline -0.001 -12"><span class='ocrx_word' id='word_1_390' title='bbox 132 2196 147 2214; x_wconf 74' lang='lat'>&#39;⁴</span> <span class='ocrx_word' id='word_1_391' title='bbox 167 2195 352 2243; x_wconf 85' lang='lat' dir='ltr'>quendam</span> <span class='ocrx_word' id='word_1_392' title='bbox 377 2195 616 2232; x_wconf 85' lang='lat' dir='ltr'>fortissimum</span> <span class='ocrx_word' id='word_1_393' title='bbox 644 2199 682 2230; x_wconf 92' lang='lat' dir='ltr'>et</span> <span class='ocrx_word' id='word_1_394' title='bbox 709 2195 850 2231; x_wconf 86' lang='lat' dir='ltr'>enormi</span> <span class='ocrx_word' id='word_1_395' title='bbox 880 2206 1036 2242; x_wconf 89' lang='lat' dir='ltr'>corpore</span> <span class='ocrx_word' id='word_1_396' title='bbox 1055 2196 1188 2239; x_wconf 88' lang='lat' dir='ltr'>virum,</span> <span class='ocrx_word' id='word_1_397' title='bbox 1210 2195 1393 2232; x_wconf 84' lang='lat' dir='ltr'>exercitui</span> <span class='ocrx_word' id='word_1_398' title='bbox 1422 2195 1725 2231; x_wconf 89' lang='lat' dir='ltr'>Normannorum</span> <span class='ocrx_word' id='word_1_399' title='bbox 1753 2193 1876 2229; x_wconf 88' lang='lat' dir='ltr'>multis</span> <span class='ocrx_word' id='word_1_400' title='bbox 1894 2205 1985 2230; x_wconf 90' lang='lat' dir='ltr'>con-</span> 
     </span>
     <span class='ocr_line' id='line_1_34' title="bbox 134 2254 1983 2306; baseline -0.002 -12"><span class='ocrx_word' id='word_1_401' title='bbox 134 2257 149 2275; x_wconf 83' lang='lat'>“</span> <span class='ocrx_word' id='word_1_402' title='bbox 166 2257 326 2294; x_wconf 86' lang='lat' dir='ltr'>tumeliis</span> <span class='ocrx_word' id='word_1_403' title='bbox 354 2258 635 2304; x_wconf 83' lang='lat' dir='ltr'>exprobantem,</span> <span class='ocrx_word' id='word_1_404' title='bbox 664 2269 774 2306; x_wconf 91' lang='lat' dir='ltr'>quem</span> <span class='ocrx_word' id='word_1_405' title='bbox 802 2269 931 2294; x_wconf 89' lang='lat' dir='ltr'>omnes</span> <span class='ocrx_word' id='word_1_406' title='bbox 954 2258 1057 2306; x_wconf 86' lang='lat' dir='ltr'>quasi</span> <span class='ocrx_word' id='word_1_407' title='bbox 1085 2257 1272 2305; x_wconf 88' lang='lat' dir='ltr'>gigantem</span> <span class='ocrx_word' id='word_1_408' title='bbox 1292 2258 1516 2294; x_wconf 86' lang='lat' dir='ltr'>exorrebant</span> <span class='ocrx_word' id='word_1_409' title='bbox 1532 2287 1548 2304; x_wconf 84' lang='lat'>„</span> <span class='ocrx_word' id='word_1_410' title='bbox 1569 2254 1593 2292; x_wconf 90' lang='lat'>⁴.</span> <span class='ocrx_word' id='word_1_411' title='bbox 1649 2257 1681 2292; x_wconf 94' lang='lat' dir='ltr'>E</span> <span class='ocrx_word' id='word_1_412' title='bbox 1699 2255 1855 2300; x_wconf 90' lang='lat' dir='ltr'>altrove‚</span> <span class='ocrx_word' id='word_1_413' title='bbox 1874 2255 1983 2291; x_wconf 92' lang='lat' dir='ltr'>allor-</span> 
     </span>
     <span class='ocr_line' id='line_1_35' title="bbox 127 2319 1984 2370; baseline -0.001 -14"><span class='ocrx_word' id='word_1_414' title='bbox 127 2319 288 2370; x_wconf 87' lang='lat' dir='ltr'>quando,</span> <span class='ocrx_word' id='word_1_415' title='bbox 317 2331 339 2355; x_wconf 87' lang='lat' dir='ltr'>a</span> <span class='ocrx_word' id='word_1_416' title='bbox 366 2331 476 2357; x_wconf 90' lang='lat' dir='ltr'>causa</span> <span class='ocrx_word' id='word_1_417' title='bbox 504 2320 592 2356; x_wconf 88' lang='lat' dir='ltr'>d&#39;un</span> <span class='ocrx_word' id='word_1_418' title='bbox 610 2320 824 2366; x_wconf 88' lang='lat' dir='ltr'>infortunio,</span> <span class='ocrx_word' id='word_1_419' title='bbox 852 2320 878 2356; x_wconf 92' lang='lat' dir='ltr'>il</span> <span class='ocrx_word' id='word_1_420' title='bbox 898 2325 1008 2356; x_wconf 88' lang='lat' dir='ltr'>conte</span> <span class='ocrx_word' id='word_1_421' title='bbox 1028 2321 1218 2368; x_wconf 88' lang='lat' dir='ltr'>Ruggiero</span> <span class='ocrx_word' id='word_1_422' title='bbox 1247 2319 1364 2356; x_wconf 88' lang='lat' dir='ltr'>cadde</span> <span class='ocrx_word' id='word_1_423' title='bbox 1383 2321 1420 2356; x_wconf 88' lang='lat' dir='ltr'>in</span> <span class='ocrx_word' id='word_1_424' title='bbox 1447 2332 1559 2356; x_wconf 88' lang='lat' dir='ltr'>mano</span> <span class='ocrx_word' id='word_1_425' title='bbox 1578 2321 1613 2356; x_wconf 89' lang='lat' dir='ltr'>ai</span> <span class='ocrx_word' id='word_1_426' title='bbox 1631 2319 1819 2362; x_wconf 84' lang='lat' dir='ltr'>Saraceni,</span> <span class='ocrx_word' id='word_1_427' title='bbox 1841 2324 1984 2355; x_wconf 88' lang='lat' dir='ltr'>mentre</span> 
     </span>
     <span class='ocr_line' id='line_1_36' title="bbox 127 2381 1985 2432; baseline -0.002 -13"><span class='ocrx_word' id='word_1_428' title='bbox 127 2381 240 2432; x_wconf 91' lang='lat' dir='ltr'>quelli</span> <span class='ocrx_word' id='word_1_429' title='bbox 266 2383 546 2420; x_wconf 83' lang='lat' dir='ltr'>minaceiavano</span> <span class='ocrx_word' id='word_1_430' title='bbox 565 2381 603 2419; x_wconf 92' lang='lat' dir='ltr'>di</span> <span class='ocrx_word' id='word_1_431' title='bbox 621 2382 786 2419; x_wconf 89' lang='lat' dir='ltr'>divenire</span> <span class='ocrx_word' id='word_1_432' title='bbox 805 2383 896 2419; x_wconf 89' lang='lat' dir='ltr'>tanti</span> <span class='ocrx_word' id='word_1_433' title='bbox 915 2382 1132 2429; x_wconf 87' lang='lat' dir='ltr'>manigoldi,</span> <span class='ocrx_word' id='word_1_434' title='bbox 1153 2382 1237 2430; x_wconf 90' lang='lat' dir='ltr'>egli,</span> <span class='ocrx_word' id='word_1_435' title='bbox 1264 2382 1334 2419; x_wconf 84' lang='lat' dir='ltr'>“in</span> <span class='ocrx_word' id='word_1_436' title='bbox 1362 2388 1465 2419; x_wconf 89' lang='lat' dir='ltr'>tanto</span> <span class='ocrx_word' id='word_1_437' title='bbox 1494 2382 1703 2418; x_wconf 85' lang='lat' dir='ltr'>discrimine</span> <span class='ocrx_word' id='word_1_438' title='bbox 1733 2381 1883 2428; x_wconf 83' lang='lat' dir='ltr'>positus,</span> <span class='ocrx_word' id='word_1_439' title='bbox 1912 2381 1985 2427; x_wconf 89' lang='lat' dir='ltr'>pri-</span> 
     </span>
     <span class='ocr_line' id='line_1_37' title="bbox 132 2442 1984 2493; baseline -0.002 -12"><span class='ocrx_word' id='word_1_440' title='bbox 132 2444 148 2463; x_wconf 83' lang='lat'><strong>“</strong></span> <span class='ocrx_word' id='word_1_441' title='bbox 166 2445 342 2482; x_wconf 81' lang='lat' dir='ltr'>stinarum</span> <span class='ocrx_word' id='word_1_442' title='bbox 369 2444 503 2481; x_wconf 86' lang='lat' dir='ltr'>virium</span> <span class='ocrx_word' id='word_1_443' title='bbox 531 2457 606 2481; x_wconf 90' lang='lat' dir='ltr'>non</span> <span class='ocrx_word' id='word_1_444' title='bbox 633 2445 842 2491; x_wconf 87' lang='lat' dir='ltr'>immemor,</span> <span class='ocrx_word' id='word_1_445' title='bbox 862 2457 961 2491; x_wconf 87' lang='lat' dir='ltr'>ense,</span> <span class='ocrx_word' id='word_1_446' title='bbox 981 2457 1056 2493; x_wconf 93' lang='lat' dir='ltr'>quo</span> <span class='ocrx_word' id='word_1_447' title='bbox 1076 2445 1264 2482; x_wconf 88' lang='lat' dir='ltr'>accinctus</span> <span class='ocrx_word' id='word_1_448' title='bbox 1283 2450 1371 2490; x_wconf 89' lang='lat' dir='ltr'>erat,</span> <span class='ocrx_word' id='word_1_449' title='bbox 1393 2457 1570 2482; x_wconf 88' lang='lat' dir='ltr'>exercens</span> <span class='ocrx_word' id='word_1_450' title='bbox 1589 2451 1625 2480; x_wconf 93' lang='lat' dir='ltr'>et</span> <span class='ocrx_word' id='word_1_451' title='bbox 1644 2445 1680 2479; x_wconf 91' lang='lat' dir='ltr'>in</span> <span class='ocrx_word' id='word_1_452' title='bbox 1699 2443 1851 2479; x_wconf 92' lang='lat' dir='ltr'>modum</span> <span class='ocrx_word' id='word_1_453' title='bbox 1872 2442 1984 2489; x_wconf 73' lang='lat' dir='ltr'>falcis,</span> 
     </span>
     <span class='ocr_line' id='line_1_38' title="bbox 135 2505 1985 2556; baseline -0.001 -14"><span class='ocrx_word' id='word_1_454' title='bbox 135 2506 150 2524; x_wconf 83' lang='lat'>¹¹</span> <span class='ocrx_word' id='word_1_455' title='bbox 167 2507 289 2543; x_wconf 84' lang='lat' dir='ltr'>virens</span> <span class='ocrx_word' id='word_1_456' title='bbox 315 2511 459 2555; x_wconf 88' lang='lat' dir='ltr'>pratum</span> <span class='ocrx_word' id='word_1_457' title='bbox 477 2507 687 2552; x_wconf 85' lang='lat' dir='ltr'>resecantis,</span> <span class='ocrx_word' id='word_1_458' title='bbox 708 2507 990 2556; x_wconf 87' lang='lat' dir='ltr'>circumquaque</span> <span class='ocrx_word' id='word_1_459' title='bbox 1009 2507 1166 2554; x_wconf 83' lang='lat' dir='ltr'>impiger</span> <span class='ocrx_word' id='word_1_460' title='bbox 1193 2507 1373 2545; x_wconf 88' lang='lat' dir='ltr'>vibrando</span> <span class='ocrx_word' id='word_1_461' title='bbox 1393 2508 1541 2551; x_wconf 90' lang='lat' dir='ltr'>ducens,</span> <span class='ocrx_word' id='word_1_462' title='bbox 1562 2505 1724 2554; x_wconf 90' lang='lat' dir='ltr'>pluribus</span> <span class='ocrx_word' id='word_1_463' title='bbox 1742 2506 1985 2552; x_wconf 87' lang='lat' dir='ltr'>interemptis,</span> 
     </span>
     <span class='ocr_line' id='line_1_39' title="bbox 136 2568 1985 2618; baseline -0.002 -12"><span class='ocrx_word' id='word_1_464' title='bbox 136 2568 152 2587; x_wconf 78' lang='lat'>‘⁴</span> <span class='ocrx_word' id='word_1_465' title='bbox 168 2569 249 2606; x_wconf 84' lang='lat' dir='ltr'>sola</span> <span class='ocrx_word' id='word_1_466' title='bbox 276 2569 431 2606; x_wconf 86' lang='lat' dir='ltr'>dextera</span> <span class='ocrx_word' id='word_1_467' title='bbox 459 2574 498 2606; x_wconf 90' lang='lat' dir='ltr'>et</span> <span class='ocrx_word' id='word_1_468' title='bbox 525 2570 597 2606; x_wconf 92' lang='lat' dir='ltr'>Dei</span> <span class='ocrx_word' id='word_1_469' title='bbox 634 2569 817 2616; x_wconf 85' lang='lat' dir='ltr'>adjutorio</span> <span class='ocrx_word' id='word_1_470' title='bbox 854 2569 1041 2616; x_wconf 86' lang='lat' dir='ltr'>liberatur,</span> <span class='ocrx_word' id='word_1_471' title='bbox 1074 2575 1174 2607; x_wconf 90' lang='lat' dir='ltr'>tanta</span> <span class='ocrx_word' id='word_1_472' title='bbox 1202 2576 1322 2618; x_wconf 84' lang='lat' dir='ltr'>strage</span> <span class='ocrx_word' id='word_1_473' title='bbox 1351 2570 1397 2607; x_wconf 94' lang='lat' dir='ltr'>de</span> <span class='ocrx_word' id='word_1_474' title='bbox 1424 2570 1581 2606; x_wconf 89' lang='lat' dir='ltr'>inimicis</span> <span class='ocrx_word' id='word_1_475' title='bbox 1608 2569 1716 2612; x_wconf 85' lang='lat' dir='ltr'>facta,</span> <span class='ocrx_word' id='word_1_476' title='bbox 1748 2574 1797 2612; x_wconf 91' lang='lat' dir='ltr'>ut,</span> <span class='ocrx_word' id='word_1_477' title='bbox 1827 2569 1921 2604; x_wconf 89' lang='lat' dir='ltr'>sicut</span> <span class='ocrx_word' id='word_1_478' title='bbox 1948 2569 1985 2603; x_wconf 90' lang='lat' dir='ltr'>in</span> 
     </span>
     <span class='ocr_line' id='line_1_40' title="bbox 133 2630 1986 2681; baseline -0.001 -13"><span class='ocrx_word' id='word_1_479' title='bbox 133 2631 150 2650; x_wconf 77' lang='lat'>⁸</span> <span class='ocrx_word' id='word_1_480' title='bbox 169 2631 362 2669; x_wconf 86' lang='lat' dir='ltr'>condensis</span> <span class='ocrx_word' id='word_1_481' title='bbox 398 2631 550 2668; x_wconf 87' lang='lat' dir='ltr'>saltibus</span> <span class='ocrx_word' id='word_1_482' title='bbox 584 2632 748 2679; x_wconf 84' lang='lat' dir='ltr'>jacerent</span> <span class='ocrx_word' id='word_1_483' title='bbox 783 2644 805 2668; x_wconf 90' lang='lat' dir='ltr'>a</span> <span class='ocrx_word' id='word_1_484' title='bbox 836 2638 953 2669; x_wconf 88' lang='lat' dir='ltr'>vento</span> <span class='ocrx_word' id='word_1_485' title='bbox 990 2632 1110 2669; x_wconf 80' lang='lat' dir='ltr'>diruta</span> <span class='ocrx_word' id='word_1_486' title='bbox 1146 2633 1255 2680; x_wconf 87' lang='lat' dir='ltr'>ligna,</span> <span class='ocrx_word' id='word_1_487' title='bbox 1284 2635 1337 2670; x_wconf 92' lang='lat' dir='ltr'>sic</span> <span class='ocrx_word' id='word_1_488' title='bbox 1367 2633 1651 2681; x_wconf 87' lang='lat' dir='ltr'>circumquaque</span> <span class='ocrx_word' id='word_1_489' title='bbox 1678 2631 1748 2667; x_wconf 87' lang='lat' dir='ltr'>sibi</span> <span class='ocrx_word' id='word_1_490' title='bbox 1776 2630 1986 2677; x_wconf 83' lang='lat' dir='ltr'>adjacerent</span> 
     </span>
     <span class='ocr_line' id='line_1_41' title="bbox 136 2690 1984 2743; baseline -0.002 -12"><span class='ocrx_word' id='word_1_491' title='bbox 136 2693 151 2712; x_wconf 69' lang='lat'><strong><em>⁸</em></strong></span> <span class='ocrx_word' id='word_1_492' title='bbox 166 2694 327 2731; x_wconf 86' lang='lat' dir='ltr'>hostium</span> <span class='ocrx_word' id='word_1_493' title='bbox 354 2694 401 2730; x_wconf 90' lang='lat' dir='ltr'>ab</span> <span class='ocrx_word' id='word_1_494' title='bbox 419 2694 501 2742; x_wconf 89' lang='lat' dir='ltr'>ipso</span> <span class='ocrx_word' id='word_1_495' title='bbox 520 2699 712 2742; x_wconf 88' lang='lat' dir='ltr'>perempta</span> <span class='ocrx_word' id='word_1_496' title='bbox 732 2693 918 2731; x_wconf 86' lang='lat' dir='ltr'>cadavera</span> <span class='ocrx_word' id='word_1_497' title='bbox 935 2724 950 2743; x_wconf 83' lang='lat'>„</span> <span class='ocrx_word' id='word_1_498' title='bbox 972 2691 995 2730; x_wconf 86' lang='lat'>⁵.</span> <span class='ocrx_word' id='word_1_499' title='bbox 1044 2695 1264 2743; x_wconf 87' lang='lat' dir='ltr'>Variopinte</span> <span class='ocrx_word' id='word_1_500' title='bbox 1282 2695 1472 2742; x_wconf 85' lang='lat' dir='ltr'>immagini</span> <span class='ocrx_word' id='word_1_501' title='bbox 1492 2695 1528 2731; x_wconf 91' lang='lat' dir='ltr'>di</span> <span class='ocrx_word' id='word_1_502' title='bbox 1548 2690 1695 2741; x_wconf 82' lang='lat' dir='ltr'>poesia!</span> <span class='ocrx_word' id='word_1_503' title='bbox 1712 2718 1722 2728; x_wconf 87' lang='lat'><strong>.</strong></span> <span class='ocrx_word' id='word_1_504' title='bbox 1739 2718 1747 2727; x_wconf 95' lang='lat'><em>.</em></span> <span class='ocrx_word' id='word_1_505' title='bbox 1765 2720 1774 2729; x_wconf 89' lang='lat'><strong>.</strong></span> <span class='ocrx_word' id='word_1_506' title='bbox 1822 2693 1984 2741; x_wconf 90' lang='lat' dir='ltr'>Eppure,</span> 
     </span>
    </p>
   </div>
   <div class='ocr_carea' id='block_1_3' title="bbox 130 2862 1507 3026">
    <p class='ocr_par' dir='ltr' id='par_1_6' title="bbox 219 2862 1323 2898">
     <span class='ocr_line' id='line_1_42' title="bbox 219 2862 1323 2898; baseline 0.001 -10"><span class='ocrx_word' id='word_1_507' title='bbox 219 2862 230 2880; x_wconf 84' lang='lat'><em>²</em></span> <span class='ocrx_word' id='word_1_508' title='bbox 256 2863 450 2893; x_wconf 51' lang='lat' dir='ltr'>Mami-eun,</span> <span class='ocrx_word' id='word_1_509' title='bbox 477 2863 512 2893; x_wconf 83' lang='grc' dir='ltr'>ΙΙ,</span> <span class='ocrx_word' id='word_1_510' title='bbox 541 2870 591 2896; x_wconf 71' lang='lat'>403</span> <span class='ocrx_word' id='word_1_511' title='bbox 617 2864 654 2890; x_wconf 77' lang='lat' dir='ltr'>cf.</span> <span class='ocrx_word' id='word_1_512' title='bbox 683 2863 879 2893; x_wconf 57' lang='lat' dir='ltr'>Cnamrmon.</span> <span class='ocrx_word' id='word_1_513' title='bbox 907 2866 948 2895; x_wconf 79' lang='lat' dir='ltr'>op.</span> <span class='ocrx_word' id='word_1_514' title='bbox 976 2864 1029 2894; x_wconf 68' lang='lat' dir='ltr'>cit„</span> <span class='ocrx_word' id='word_1_515' title='bbox 1084 2867 1124 2896; x_wconf 74' lang='lat' dir='ltr'>op.</span> <span class='ocrx_word' id='word_1_516' title='bbox 1142 2865 1196 2895; x_wconf 68' lang='lat' dir='ltr'>cie„</span> <span class='ocrx_word' id='word_1_517' title='bbox 1216 2872 1242 2898; x_wconf 86' lang='lat' dir='ltr'>p.</span> <span class='ocrx_word' id='word_1_518' title='bbox 1266 2864 1323 2897; x_wconf 84' lang='lat'><strong>176.</strong></span> 
     </span>
    </p>

    <p class='ocr_par' dir='ltr' id='par_1_7' title="bbox 131 2904 1507 2982">
     <span class='ocr_line' id='line_1_43' title="bbox 131 2904 1507 2940; baseline -0.001 -9"><span class='ocrx_word' id='word_1_519' title='bbox 131 2913 158 2938; x_wconf 85' lang='lat' dir='ltr'>p.</span> <span class='ocrx_word' id='word_1_520' title='bbox 179 2904 231 2931; x_wconf 85' lang='lat'>206</span> <span class='ocrx_word' id='word_1_521' title='bbox 251 2913 312 2940; x_wconf 69' lang='lat' dir='ltr'>agg.</span> <span class='ocrx_word' id='word_1_522' title='bbox 1173 2905 1184 2922; x_wconf 84' lang='lat'>³</span> <span class='ocrx_word' id='word_1_523' title='bbox 1205 2907 1401 2935; x_wconf 67' lang='lat' dir='ltr'>MALATERRA,</span> <span class='ocrx_word' id='word_1_524' title='bbox 1420 2906 1440 2937; x_wconf 92' lang='lat'>1,</span> <span class='ocrx_word' id='word_1_525' title='bbox 1468 2913 1507 2938; x_wconf 87' lang='lat'>19.</span> 
     </span>
     <span class='ocr_line' id='line_1_44' title="bbox 217 2946 1360 2982; baseline 0.001 -9"><span class='ocrx_word' id='word_1_526' title='bbox 217 2946 229 2964; x_wconf 82' lang='lat'>²</span> <span class='ocrx_word' id='word_1_527' title='bbox 241 2948 414 2979; x_wconf 63' lang='grc' dir='ltr'>Μυκη-ου,</span> <span class='ocrx_word' id='word_1_528' title='bbox 427 2949 611 2980; x_wconf 63' lang='lat' dir='ltr'>Antiquam:</span> <span class='ocrx_word' id='word_1_529' title='bbox 622 2949 729 2974; x_wconf 65' lang='lat' dir='ltr'>Italicae</span> <span class='ocrx_word' id='word_1_530' title='bbox 741 2949 829 2974; x_wconf 68' lang='lat' dir='ltr'>Medic</span> <span class='ocrx_word' id='word_1_531' title='bbox 838 2949 912 2978; x_wconf 66' lang='lat' dir='ltr'>Aeni,</span> <span class='ocrx_word' id='word_1_532' title='bbox 922 2950 980 2976; x_wconf 80' lang='lat' dir='ltr'>vol.</span> <span class='ocrx_word' id='word_1_533' title='bbox 994 2949 1030 2979; x_wconf 90' lang='lat'>11,</span> <span class='ocrx_word' id='word_1_534' title='bbox 1176 2947 1188 2964; x_wconf 84' lang='lat'><strong>⁴</strong></span> <span class='ocrx_word' id='word_1_535' title='bbox 1206 2949 1256 2981; x_wconf 62' lang='lat'>112,</span> <span class='ocrx_word' id='word_1_536' title='bbox 1277 2949 1298 2980; x_wconf 91' lang='lat'>1,</span> <span class='ocrx_word' id='word_1_537' title='bbox 1318 2957 1332 2982; x_wconf 85' lang='lat'>3</span> <span class='ocrx_word' id='word_1_538' title='bbox 1336 2954 1360 2980; x_wconf 84' lang='grc'>5.</span> 
     </span>
    </p>

    <p class='ocr_par' dir='ltr' id='par_1_8' title="bbox 130 2990 1370 3026">
     <span class='ocr_line' id='line_1_45' title="bbox 130 2990 1370 3026; baseline 0.001 -11"><span class='ocrx_word' id='word_1_539' title='bbox 130 2997 176 3022; x_wconf 85' lang='lat' dir='ltr'>pp.</span> <span class='ocrx_word' id='word_1_540' title='bbox 198 2990 312 3024; x_wconf 79' lang='lat'><strong>484-85;</strong></span> <span class='ocrx_word' id='word_1_541' title='bbox 326 2990 439 3022; x_wconf 61' lang='lat' dir='ltr'>Anam,</span> <span class='ocrx_word' id='word_1_542' title='bbox 453 2993 494 3023; x_wconf 75' lang='lat' dir='ltr'>op.</span> <span class='ocrx_word' id='word_1_543' title='bbox 506 2991 560 3020; x_wconf 68' lang='lat' dir='ltr'>cit..</span> <span class='ocrx_word' id='word_1_544' title='bbox 574 2990 632 3016; x_wconf 80' lang='lat' dir='ltr'>vol.</span> <span class='ocrx_word' id='word_1_545' title='bbox 647 2990 694 3022; x_wconf 88' lang='lat'>111,</span> <span class='ocrx_word' id='word_1_546' title='bbox 708 2998 735 3026; x_wconf 84' lang='lat' dir='ltr'>p.</span> <span class='ocrx_word' id='word_1_547' title='bbox 749 2990 793 3023; x_wconf 85' lang='lat'>61,</span> <span class='ocrx_word' id='word_1_548' title='bbox 807 2993 876 3016; x_wconf 84' lang='lat' dir='ltr'>nota</span> <span class='ocrx_word' id='word_1_549' title='bbox 891 2999 922 3026; x_wconf 75' lang='lat'>33</span> <span class='ocrx_word' id='word_1_550' title='bbox 935 2991 1032 3022; x_wconf 66' lang='lat' dir='ltr'>Rosm,</span> <span class='ocrx_word' id='word_1_551' title='bbox 1175 2990 1186 3005; x_wconf 66' lang='lat'>‘⁸</span> <span class='ocrx_word' id='word_1_552' title='bbox 1204 2991 1254 3020; x_wconf 73' lang='lat' dir='ltr'>In..</span> <span class='ocrx_word' id='word_1_553' title='bbox 1274 2990 1308 3020; x_wconf 82' lang='lat'>11,</span> <span class='ocrx_word' id='word_1_554' title='bbox 1327 2997 1370 3022; x_wconf 78' lang='lat'>30.</span> 
     </span>
    </p>
   </div>
  </div>
 </body>
</html>
