2320 3424
376 223 424 259 36
948 221 1218 257 GAUFREDI
1246 218 1621 256 MALATERRAE
2039 226 2090 260 [Α.
2110 226 2204 260 1002]

196 355 271 379 uua„
287 356 325 380 ⁵⁶⁴
372 345 440 378 lam
463 355 603 377 uxorem
628 345 764 382 exinde,
786 350 905 386 utpote
927 343 1087 386 puellam,
1111 348 1179 375 tam
1196 342 1398 385 praecla'ris
1414 347 1523 374 ortam
1538 341 1718 380 natalibus,
1736 342 1901 376 decenter
1917 343 2038 376 dotare
2054 341 2204 382 volebat,

209 1090 236 1115 B,
251 1096 298 1110 ιον

212 2198 242 2222 D,
259 2204 317 2223 103r

317 2887 347 2905 10

376 398 526 441 requirit.
571 398 647 429 Dux
672 403 796 435 autem,
821 396 977 439 quamvis
1000 395 1149 438 pecunia
1166 395 1290 439 largus,
1306 395 1343 426 in
1360 393 1598 427 distributione
1614 394 1755 438 quidem
1770 399 1938 430 terrarum
1954 395 2202 440 aliquantulum

371 451 508 494 parcior
529 456 618 483 erat:
642 451 865 492 fratremque,
889 459 950 491 per
974 448 1136 492 ambages
1159 448 1367 486 differendo,
1390 448 1623 490 protrahebat.
1667 447 1778 481 Porro
1801 459 1927 489 comes,
1943 449 2060 482 fratris
2076 447 2203 482 callidi-

371 510 475 536 tatem
498 503 784 540 animadvertens,
808 512 873 535 nec
897 502 1024 535 diutius
1046 501 1194 535 fallaciis
1224 501 1320 543 pasci
1351 500 1532 539 sustinens,
1563 510 1626 543 per
1656 501 1815 534 meliores
1846 502 1949 536 totius
1979 501 2128 546 Apuliae
2160 502 2205 535 ad

372 557 534 590 rationem
558 556 665 598 ponit.
690 554 783 598 quod
804 555 871 588 sibi
903 554 1104 598 promissum
1135 554 1250 586 fuerat
1280 559 1456 596 expetens.
1502 553 1550 586 At
1580 564 1656 586 cum
1685 565 1751 587 nec
1786 554 1835 588 ita
1864 555 2014 598 proficit,
2044 555 2201 594 foedere,

374 610 466 652 quod
488 610 578 642 inter
598 620 633 641 se
658 609 840 647 habebant,
863 614 975 652 rupto,
998 608 1085 640 irato
1108 607 1221 640 animo
1244 619 1265 639 a
1296 607 1402 640 fratre
1434 607 1585 645 recedit3
1617 607 1843 651 Melitumque
1871 609 2024 650 veniens,
2056 615 2204 642 castrum

371 662 514 695 viriliter
536 662 691 701 firmavit,
715 662 859 705 optimos
875 672 1013 705 quoque
1030 661 1153 694 milites
1169 661 1410 703 undecumque
1426 660 1491 694 sibi
1508 660 1545 693 in
1559 661 1676 693 fratris
1692 661 1852 695 damnum
1868 663 2077 695 conducens.
2122 661 2206 701 Sed,

373 716 525 759 quamvis
549 726 631 759 erga
653 727 689 748 se
714 716 855 748 fratrem
878 726 975 748 suum
997 715 1121 759 injuste
1145 724 1248 758 agere
1271 714 1425 756 patulum
1448 719 1552 754 esset,
1571 714 1780 758 legalitatem
1802 721 1915 748 tamen
1939 726 2033 748 suam
2056 725 2206 754 servans,
2250 747 2253 750 ,

372 780 435 812 per
457 769 684 812 quadraginta
707 769 780 802 dies
804 780 824 801 a
846 769 962 801 fratris
984 768 1108 811 injuria
1131 767 1310 805 abstinuit3
1334 778 1390 807 ne,
1413 767 1443 799 si
1466 768 1557 801 forte
1580 767 1672 800 infra
1696 769 1789 801 hunc
1813 768 1992 801 terminum
2016 779 2100 813 erga
2121 769 2206 802 resi-

371 823 518 865 pisceret
541 841 581 846 ——-
605 823 678 865 ipse
702 823 839 865 quidem
863 823 907 855 de
930 822 1053 865 injuria
1075 821 1351 864 conquerebatur
1376 840 1412 845 —
1439 821 1555 864 potius
1577 821 1710 866 injuriis
1731 821 1853 854 haberi
1874 822 2096 865 judicaretur,
2119 822 2206 856 mal-

371 876 445 908 lens
466 876 566 908 huius
588 875 805 909 dissentionis
827 875 1024 919 injuriosam
1049 875 1186 918 culpam
1209 875 1244 907 in
1268 875 1411 907 fratrem
1433 874 1547 917 potius
1570 885 1672 918 quam
1695 875 1730 908 in
1753 886 1789 908 se
1812 875 2016 919 retorqueri.

459 973 573 1006 XXII.
597 992 639 997 —
662 974 828 1006 Betumen
851 983 934 1006 vero
956 983 1020 1016 per
1041 971 1195 1005 Siciliam
1219 973 1361 1012 vadens,
1385 972 1487 1006 sicuti
1502 982 1522 1005 a
1538 972 1663 1006 comite
1679 978 1820 1017 rogatus
1834 973 1957 1012 fuerat,
1973 983 2206 1017 quoscumque

370 1033 513 1070 poterat,
537 1027 582 1061 ad
605 1026 805 1059 fidelitatem
828 1032 965 1059 nostrae
988 1026 1102 1070 gentis
1126 1025 1294 1068 applicat;
1319 1025 1443 1069 quibus
1464 1036 1547 1058 vero
1571 1025 1681 1058 minus
1704 1026 1916 1069 persuadere
1939 1031 2083 1068 poterat,
2112 1026 2207 1069 ipsos

371 1081 683 1124 impugnationibus
705 1090 830 1112 vexare
852 1090 922 1112 non
944 1078 1139 1112 desistebat.
1185 1079 1244 1117 At,
1269 1089 1344 1112 cum
1369 1078 1500 1111 'versus
1524 1084 1673 1112 castrum
1696 1079 1863 1112 Antilium
1879 1078 1898 1119 ¹,
1923 1079 2016 1124 quod
2033 1079 2207 1122 quondam

370 1142 467 1165 suum
489 1133 614 1171 fuerat,
637 1132 881 1167 debellandum
903 1137 1117 1175 properaret,
1146 1131 1310 1172 Nichel²,
1334 1131 1473 1175 quidam
1503 1132 1689 1174 potentior,
1712 1132 1818 1165 castri
1849 1132 2022 1175 quondam
2054 1131 2204 1166 eiusdem

371 1184 559 1218 Betuminis
581 1186 689 1224 miles,
712 1186 748 1217 in
772 1186 854 1219 dolo
878 1185 983 1219 verba
1005 1185 1155 1228 pacifica
1177 1185 1355 1224 mandans,
1379 1191 1427 1225 ut,
1451 1195 1528 1218 cum
1551 1186 1672 1228 paucis
1700 1196 1719 1218 a
1749 1185 1817 1219 suis
1847 1191 2006 1224 semotus,
2037 1184 2207 1219 Antilien-

370 1239 472 1277 sibus,
496 1240 593 1282 quasi
615 1239 832 1271 reconciliari
855 1238 1059 1278 volentibus,
1082 1239 1159 1272 loco
1177 1238 1406 1272 determinato
1423 1239 1576 1271 locutum
1591 1239 1717 1277 veniat,
1735 1239 1888 1272 mandat.
1935 1238 1997 1271 me
2014 1249 2108 1279 vero,
2124 1237 2207 1282 quia

369 1293 439 1336 jam
460 1292 606 1335 plurima
629 1292 797 1325 beneficia
819 1292 887 1324 illis
909 1292 1121 1336 jamdudum,
1146 1303 1224 1325 cum
1248 1303 1364 1325 secum
1388 1291 1478 1325 bene
1501 1298 1610 1332 erant,
1643 1292 1873 1331 contulerant,
1904 1292 2017 1325 minus
2046 1291 2207 1325 fraudem

369 1345 569 1388 suspicatus,
593 1356 661 1388 quo
685 1351 720 1378 et
742 1345 889 1388 qualiter
911 1345 975 1377 sibi
989 1345 1229 1385 mandabatur,
1244 1346 1363 1378 venire
1379 1356 1448 1378 non
1464 1345 1605 1378 distulit.
1650 1345 1861 1379 Antilienses
1883 1346 2012 1389 itaque,
2028 1345 2208 1379 consilium

2233 823 2272 855 10

2232 1122 2311 1164 ιε’

372 1408 543 1431 venenoso
566 1398 683 1437 corde,
707 1399 797 1431 duce
813 1398 950 1437 Nichel,
966 1404 1174 1441 conceptum
1197 1398 1419 1441 reperientes,
1435 1409 1561 1442 equum
1576 1399 1650 1443 ejus
1665 1398 1821 1441 primitus
1836 1398 1969 1442 spiculo
1991 1398 2207 1442 transfigunt,
2229 1399 2272 1430 20

371 1462 414 1484 ne
437 1462 558 1489 sessor,
581 1452 609 1484 si
632 1451 696 1484 sibi
718 1453 828 1494 primo
850 1451 974 1484 vulnus
997 1452 1114 1484 datum
1130 1452 1231 1491 foret,
1247 1452 1372 1484 fraude
1388 1453 1594 1495 intercepta,
1611 1462 1701 1495 equo
1717 1462 1801 1485 sano
1817 1452 1957 1485 liberius
1973 1462 2051 1485 cum
2066 1449 2210 1485 'vulnere

371 1506 564 1548 aufugeret.
609 1504 746 1548 sicque,
769 1515 858 1548 equo
882 1505 1033 1550 dejecto,
1056 1505 1167 1547 ipsum
1189 1506 1296 1538 etiam
1318 1506 1355 1538 in
1376 1511 1469 1539 terra
1492 1505 1746 1545 confodientes,
1770 1516 1847 1538 cum
1863 1505 2028 1549 sanguine
2050 1505 2207 1538 ultimum

370 1559 461 1591 vitae
484 1559 599 1591 flatum
616 1559 778 1592 exhalare
794 1560 954 1592 fecerunt
965 1558 988 1592 ³.
1034 1559 1141 1598 Quod
1157 1560 1337 1592 audientes
1353 1560 1554 1599 Normanni,
1571 1560 1629 1604 qui
1645 1561 1738 1602 apud
1754 1560 1931 1604 Traynam
1947 1565 1982 1592 et
1996 1559 2208 1604 Petrelejum

371 1612 416 1644 ad
439 1618 551 1644 castra
573 1623 594 1644 a
616 1613 741 1645 comite
765 1613 920 1655 deputati
944 1619 1052 1652 erant,
1068 1613 1217 1645 maxime
1233 1613 1369 1652 turbati,
1383 1613 1456 1646 eius
1470 1614 1561 1646 enim
1576 1614 1715 1646 nomine
1737 1613 1911 1656 praesidia
1934 1623 2037 1656 quam
2059 1613 2207 1646 maxime

370 1665 565 1704 tuebantur,
589 1665 709 1698 castris
732 1666 870 1707 relictis,
893 1665 1099 1706 Messanam,
1124 1677 1212 1710 quae
1236 1667 1285 1699 eis
1308 1667 1475 1710 deputata
1497 1673 1581 1707 erat,
1604 1673 1793 1700 revertunt.

457 1763 588 1796 XXIII.
616 1782 654 1786 —
677 1763 755 1796 Dux
778 1774 862 1796 vero
885 1764 1027 1796 fratrem
1050 1775 1071 1796 a
1093 1775 1130 1797 se
1153 1765 1337 1797 recessisse
1359 1765 1478 1804 iratus,
1502 1765 1658 1798 exercitu
1682 1770 1903 1809 congregato,
1926 1775 2005 1797 eum
2021 1763 2115 1807 apud
2130 1763 2209 1798 Me-

368 1815 466 1849 litum
501 1816 676 1849 obsessum
709 1817 816 1854 vadit.
848 1828 938 1850 anno
968 1817 1217 1851 incarnationis
1246 1818 1387 1851 Domini
1420 1817 1570 1851 MLXII.
1618 1818 1744 1861 Comes
1774 1824 1901 1857 autem,
1936 1817 2093 1861 quamvis
2126 1823 2208 1862 tunc

371 1870 534 1913 temporis
556 1876 640 1914 typo
662 1870 810 1903 febrium
833 1877 1042 1914 gravaretur,
1064 1872 1158 1914 apud
1180 1870 1366 1905 Geracium
1388 1872 1490 1911 enim,
1513 1871 1718 1916 quibusdam
1742 1872 1891 1916 negotiis
1912 1882 1949 1904 se
1971 1871 2054 1905 illuc
2079 1881 2207 1905 vocan-

369 1922 471 1962 tibus,
495 1929 585 1962 erat;
607 1923 676 1963 ubi,
698 1924 837 1956 insolito
860 1929 940 1958 aere
965 1931 1140 1967 corrupto,
1163 1925 1236 1967 ipse
1265 1925 1490 1958 nihilominus
1523 1926 1721 1967 infirmatus,
1754 1925 1921 1969 quosdam
1952 1935 2092 1958 suorum
2123 1924 2208 1958 ami-

368 1982 468 2009 serat.
513 1977 646 2009 Tamen
669 1977 778 2015 fratri,
800 1983 838 2010 ut
860 1977 949 2010 hosti
972 1978 1135 2018 venienti,
1158 1978 1195 2011 in
1218 1985 1335 2011 monte
1351 1979 1410 2022 qui
1425 1978 1547 2012 Sancti
1561 1978 1689 2022 Angeli
1706 1978 1846 2017 dicitur,
1863 1978 2030 2011 acerrime
2046 1978 2208 2019 occurrit,

370 2029 551 2072 multisque
571 2041 614 2063 ex
636 2031 790 2063 fraterna
813 2032 888 2064 acie
913 2031 1028 2064 hastili
1052 2031 1176 2064 robore
1200 2032 1338 2064 militari
1362 2042 1551 2075 congressu
1576 2032 1732 2077 dejectis,
1764 2042 1808 2064 ne
1830 2032 1866 2064 in
1896 2031 1973 2075 ipso
2004 2037 2121 2065 monte
2150 2031 2208 2065 vel

369 2088 462 2115 certe
484 2083 520 2114 in
542 2083 728 2127 adjacenti,
751 2084 808 2127 qui
833 2084 935 2117 Mons
958 2084 1090 2118 Viridis
1114 2085 1256 2126 dicitur,
1280 2091 1403 2123 castra,
1426 2085 1515 2118 sicut
1537 2084 1788 2128 disposuerant,
1811 2085 1929 2129 figant,
1952 2085 2087 2128 impetu
2100 2085 2208 2125 facto,

369 2135 503 2179 longius
525 2142 628 2169 arcet.
674 2136 769 2170 Urbe
792 2138 909 2180 itaque
934 2138 1086 2178 obsessa,
1110 2148 1156 2170 ex
1179 2145 1324 2182 utraque
1348 2145 1446 2182 parte
1468 2139 1610 2172 ambitio
1625 2139 1740 2172 laudis
1756 2144 1791 2172 et
1804 2138 1968 2182 juvenilis
1984 2144 2077 2172 aetas
2092 2138 2210 2182 plures

369 2190 415 2222 ad
436 2189 590 2222 militiam
613 2191 840 2224 exercendam
868 2191 1081 2234 impellebat.
1127 2192 1242 2231 Unde,
1268 2204 1347 2226 cum
1377 2192 1495 2236 plures
1520 2191 1732 2226 militariter'
1763 2192 2045 2236 progrediuntur,
2072 2191 2210 2236 juvenis

370 2243 519 2286 quidam,
542 2243 717 2277 Arnaldus
746 2244 884 2277 nomine
896 2244 919 2284 ⁴,
951 2255 997 2276 ex
1027 2250 1125 2287 parte
1156 2246 1300 2284 comitis,
1331 2246 1389 2289 qui
1419 2246 1529 2279 frater
1557 2245 1761 2289 juvenculae
1791 2244 1908 2278 uxoris
1939 2244 2012 2277 eius
2041 2251 2127 2286 erat,
2157 2245 2210 2279 vir

367 2296 569 2329 militaribus
590 2298 764 2330 exercitiis
786 2303 899 2340 aptus,
922 2298 1003 2331 dum
1027 2298 1166 2332 deicere
1189 2304 1311 2338 tentat,
1335 2299 1492 2343 dejectus
1515 2317 1556 2322 -
1580 2299 1675 2342 quod
1700 2298 1800 2332 dolor
1823 2304 1875 2331 est
1897 2298 2040 2331 dicerel
2075 2316 2111 2323 —
2144 2309 2210 2332 oc-

367 2350 492 2383 cubuit.
538 2349 642 2383 Unde
665 2351 895 2392 permaximus
919 2351 1018 2384 dolor
1041 2357 1077 2384 et
1099 2352 1258 2395 planctus
1282 2362 1352 2385 non
1368 2352 1479 2385 solum
1496 2351 1559 2390 his,
1576 2352 1700 2394 quibus
1717 2350 1855 2395 adjutor
1871 2356 1957 2390 erat,
1971 2357 2207 2385 verumtamen

455 2462 479 2487 3.
499 2454 661 2479 detrahebat
679 2455 706 2479 B
714 2456 744 2479 D
757 2469 790 2473 -
803 2464 828 2488 4.
841 2457 969 2480 animum
982 2456 1141 2488 advertens,
1156 2464 1191 2481 ne
1203 2457 1232 2481 P
1243 2470 1251 2474 -
1265 2457 1342 2489 passi
1358 2456 1382 2481 P
1394 2470 1402 2475 -
1416 2456 1542 2489 Apuliae
1555 2456 1672 2481 mittens
1685 2455 1721 2481 ad
1742 2457 1768 2481 B
1778 2457 1807 2481 D
1825 2469 1859 2474 —-
1877 2461 1902 2487 5.
1921 2456 1962 2480 At
1980 2454 2054 2489 cum]
2072 2455 2166 2489 Atque
2183 2456 2213 2482 P

371 2511 403 2515 -
422 2495 476 2528 5-6.
495 2497 661 2528 foedereque
681 2498 755 2522 inter
772 2504 802 2521 se
820 2499 905 2530 rupto
917 2498 946 2523 P
963 2512 995 2517 —
1015 2504 1039 2531 7.
1059 2500 1240 2531 optimosque
1258 2499 1286 2525 P
1302 2512 1314 2518 -
1333 2499 1438 2524 ducens
1456 2499 1484 2524 P
1501 2512 1533 2517 —
1553 2498 1577 2523 8.
1596 2498 1703 2532 injuste
1720 2506 1768 2523 om.
1788 2498 1859 2522 P—
1873 2505 1898 2530 9.
1912 2498 1987 2523 forte
2003 2505 2054 2524 om.
2070 2498 2097 2523 B
2115 2510 2148 2517 —
2169 2505 2211 2524 ιο.

371 2540 519 2572 respiceret
538 2540 566 2563 P
582 2553 590 2556 -
610 2539 670 2572 ipse
689 2540 738 2571 qul
757 2540 790 2564 de
808 2540 836 2564 Ρ
853 2554 885 2557 -
908 2546 994 2564 10-11.
1013 2541 1187 2574 judicaretur
1206 2539 1337 2574 mallens]
1356 2541 1559 2572 vindicaretur,
1578 2541 1686 2565 malens
1705 2541 1732 2564 P
1750 2554 1782 2558 -
1804 2547 1843 2565 η.
1862 2542 1988 2573 rogatus,
2001 2547 2126 2573 quosque
2139 2541 2211 2566 P—

373 2588 411 2613 14·
431 2581 582 2606 Antulium
601 2583 637 2610 P;
663 2582 811 2607 Antelium
839 2582 875 2614 σς
895 2582 1068 2607 Antelntum
1087 2584 1152 2608 BD
1171 2597 1204 2601 —
1227 2590 1266 2615 ις.
1286 2584 1371 2608 Nihel
1391 2584 1415 2608 Α
1436 2597 1469 2602 -
1492 2583 1579 2616 16-17.
1604 2583 1825 2608 Antuliensibus
1844 2583 1883 2612 P}
1902 2582 2130 2608 Anteuiensibus
2147 2583 2211 2608 BD

373 2636 404 2640 —
426 2629 466 2656 17.
485 2623 668 2648 denominato
687 2624 713 2647 B
726 2624 785 2649 CD
804 2637 836 2642 —
859 2632 899 2657 19.
918 2624 1038 2649 Nichele
1056 2625 1084 2649 Ρ
1102 2640 1133 2643 -
1155 2632 1197 2651 21.
1224 2628 1256 2651 ut
1275 2627 1331 2651 sibi
1350 2627 1378 2651 Ρ
1394 2639 1427 2645 -
1447 2633 1489 2658 ²3·
1507 2626 1544 2651 ad
1563 2626 1695 2650 ultimum
1709 2626 1735 2649 B
1754 2639 1786 2643 -—
1807 2632 1848 2658 ²4·
1868 2625 2038 2659 PetrelaJam
2056 2626 2098 2656 1²3
2115 2625 2210 2654 Peter-

371 2665 455 2689 leiam
476 2666 499 2689 C
515 2678 524 2684 -
543 2668 624 2690 erant
637 2666 732 2698 fintsce
750 2667 800 2698 qui
818 2667 861 2691 del
878 2669 946 2690 tutto
963 2667 988 2691 il
1004 2668 1056 2692 cod.
1076 2668 1100 2691 A
1121 2681 1153 2685 —
1174 2673 1215 2699 25.
1234 2669 1393 2694 Messanam
1412 2669 1449 2694 ad
1461 2668 1598 2694 tuendum
1612 2668 1720 2693 vadunt
1734 2668 1801 2691 Ρ-
1816 2666 1905 2700 26-27.
1919 2667 2087 2692 Militellum
2099 2667 2164 2694 BD
2178 2681 2209 2686 —

374 2706 415 2731 28.
433 2709 502 2740 typo
522 2708 550 2732 Ρ
566 2721 574 2726 —
594 2707 761 2733 Girachium
782 2709 846 2733 BD
863 2710 914 2740 qui
929 2716 943 2732 e
954 2713 1055 2740 sempre
1068 2723 1100 2727 —
1114 2715 1158 2741 32.
1170 2712 1292 2736 castrum
1308 2712 1333 2736 Ρ
1344 2725 1376 2729 -
1390 2718 1432 2744 34.
1447 2711 1670 2744 congrediuntur
1682 2710 1745 2735 BD
1758 2724 1790 2728 —
1804 2716 1846 2743 35.
1861 2709 1994 2739 Comitis,
2008 2716 2094 2742 gener
2105 2710 2209 2744 quippe

373 2755 437 2773 suus
456 2751 483 2774 et
502 2750 588 2775 frater
606 2751 657 2775 cori
675 2752 736 2776 PC
752 2764 763 2769 —
782 2752 842 2776 eius
860 2759 910 2776 om.
928 2752 956 2776 P
972 2765 1005 2768 —
1025 2757 1067 2783 37.
1088 2759 1145 2776 non
1165 2753 1258 2777 solum
1283 2754 1336 2785 his,
1357 2755 1404 2786 qui
1426 2762 1441 2779 a
1460 2754 1533 2778 foris
1551 2753 1603 2778 cosi
1621 2753 1686 2778 BD

461 2835 467 2851 ¹
488 2837 581 2863 Rocca
601 2839 750 2869 d’Entella,
772 2841 801 2864 ln
822 2847 902 2872 prov.
924 2839 952 2864 di
973 2840 1112 2865 Palermo.
1317 2843 1433 2874 ΑΜΑΜ,
1451 2843 1500 2874 111,
1519 2851 1546 2876 p.
1566 2841 1609 2873 86,
1629 2843 1817 2875 scorgendovi
1837 2842 2020 2875 un’analogia
2047 2841 2124 2867 forse
2141 2848 2214 2876 poco

460 2877 471 2895 ²
482 2879 552 2904 Nikl
562 2888 580 2904 ο
592 2881 656 2905 Nicl
668 2889 739 2907 sono
753 2883 783 2906 in
798 2883 882 2907 arabo
896 2882 1091 2914 soprannomi.
1118 2882 1164 2908 Cf.
1179 2883 1262 2908 ΑΜΛ-
1321 2884 1413 2910 felice.

373 2927 412 2951 Μ,
430 2920 479 2952 ῙΠ.
499 2920 540 2953 37,
560 2923 626 2947 nota
646 2930 670 2948 ²·
1405 2926 1416 2943 ⁴
1429 2927 1556 2952 Fratello
1569 2928 1682 2952 uterino
1696 2927 1725 2952 di
1741 2925 1885 2958 Giuditta,
1897 2933 1944 2951 era
1964 2927 2032 2951 nato
2052 2925 2099 2951 dal
2117 2925 2213 2959 primo

460 2961 471 2978 ³
492 2963 505 2976 ⁶¹
516 2962 584 2988 Cos)
604 2972 681 2989 come
694 2972 821 2990 avvenne
834 2967 886 2991 due
900 2966 987 2991 secoli
1002 2967 1119 2991 innanzi
1134 2968 1169 2991 ad
1184 2967 1264 2992 Eure·
1319 2969 1504 2994 matrimonio
1518 2970 1545 2994 di
1561 2969 1687 2994 Adevisa
1699 2969 1728 2994 di
1744 2968 1842 2994 Girole
1855 2975 1908 2993 con
1921 2967 2046 2993 Roberto
2066 2967 2095 2992 di
2110 2966 2215 2992 Gnat-

378 3003 390 3017 “
402 3006 468 3036 mio,
492 3005 630 3031 traditore
655 3007 726 3033 della
744 3007 846 3033 Sicilia
865 3009 1039 3040 cristianam
1058 3011 1215 3035 commenta
1234 3009 1263 3034 lo
1319 3011 1429 3036 mesnil.
1465 3010 1511 3037 Cf.
1531 3011 1660 3040 DELARc,
1680 3010 1727 3035 Les
1746 3011 1898 3035 Narmands
1915 3018 1946 3035 en
1966 3009 2054 3039 Balce,
2072 3017 2099 3042 p.
2118 3007 2190 3042 378.,

2231 1665 2273 1698 25

2231 1979 2274 2012 30

2232 2245 2275 2278 35

2243 2889 2274 2917 15

2307 1262 2320 1463 ἐξ

2318 1562 2320 1610 ἓ

2317 1642 2320 1680 2

2315 1681 2320 1732 l

2314 1738 2320 1811 ἒ

2316 1830 2320 1871 ἓ

2317 1891 2320 1907 Ι

2315 1914 2320 1978 ἑ

2315 1979 2320 2011 ε’

2316 2013 2320 2049 ἔ

2316 2064 2320 2081 l
