<?xml version="1.0" encoding="UTF-8"?>
<!DOCTYPE html PUBLIC "-//W3C//DTD XHTML 1.0 Transitional//EN"
    "http://www.w3.org/TR/xhtml1/DTD/xhtml1-transitional.dtd">
<html xmlns="http://www.w3.org/1999/xhtml" xml:lang="en" lang="en">
 <head>
  <title>
</title>
<meta http-equiv="Content-Type" content="text/html;charset=utf-8" />
  <meta name='ocr-system' content='tesseract 3.04.00' />
  <meta name='ocr-capabilities' content='ocr_page ocr_carea ocr_par ocr_line ocrx_word'/>
</head>
<body>
  <div class='ocr_page' id='page_1' title='image "./rerumitalicarums51murauoft_0142.png"; bbox 0 0 2314 3418; ppageno 0'>
   <div class='ocr_carea' id='block_1_1' title="bbox 325 229 2156 272">
    <p class='ocr_par' dir='ltr' id='par_1_1' title="bbox 325 229 2156 272">
     <span class='ocr_line' id='line_1_1' title="bbox 325 229 2156 272; baseline -0.004 -2"><span class='ocrx_word' id='word_1_1' title='bbox 325 236 371 270; x_wconf 90' lang='grc'>54</span> <span class='ocrx_word' id='word_1_2' title='bbox 901 231 1173 267; x_wconf 88' lang='lat' dir='ltr'>GAUFREDI</span> <span class='ocrx_word' id='word_1_3' title='bbox 1201 229 1580 266; x_wconf 88' lang='lat' dir='ltr'><strong>MALATERRAE</strong></span> <span class='ocrx_word' id='word_1_4' title='bbox 1991 236 2042 272; x_wconf 84' lang='lat' dir='ltr'>[A.</span> <span class='ocrx_word' id='word_1_5' title='bbox 2063 237 2156 270; x_wconf 74' lang='lat'><strong>1071]</strong></span> 
     </span>
    </p>
   </div>
   <div class='ocr_carea' id='block_1_2' title="bbox 138 352 2314 2417">
    <p class='ocr_par' dir='ltr' id='par_1_2' title="bbox 138 352 2314 2417">
     <span class='ocr_line' id='line_1_2' title="bbox 320 352 2156 399; baseline -0.002 -11"><span class='ocrx_word' id='word_1_6' title='bbox 320 356 594 399; x_wconf 85' lang='lat' dir='ltr'>consanguineus</span> <span class='ocrx_word' id='word_1_7' title='bbox 616 365 735 388; x_wconf 89' lang='lat' dir='ltr'>eorum</span> <span class='ocrx_word' id='word_1_8' title='bbox 759 360 853 387; x_wconf 84' lang='lat' dir='ltr'>erat:</span> <span class='ocrx_word' id='word_1_9' title='bbox 877 360 1023 396; x_wconf 87' lang='lat' dir='ltr'>uterque</span> <span class='ocrx_word' id='word_1_10' title='bbox 1047 358 1160 385; x_wconf 88' lang='lat' dir='ltr'>autem</span> <span class='ocrx_word' id='word_1_11' title='bbox 1183 352 1327 386; x_wconf 91' lang='lat' dir='ltr'>consilio</span> <span class='ocrx_word' id='word_1_12' title='bbox 1351 358 1386 385; x_wconf 89' lang='lat' dir='ltr'>et</span> <span class='ocrx_word' id='word_1_13' title='bbox 1408 352 1513 385; x_wconf 87' lang='lat' dir='ltr'>armis</span> <span class='ocrx_word' id='word_1_14' title='bbox 1535 352 1731 396; x_wconf 80' lang='lat' dir='ltr'>probissimi</span> <span class='ocrx_word' id='word_1_15' title='bbox 1761 354 1826 386; x_wconf 89' lang='lat' dir='ltr'>viri</span> <span class='ocrx_word' id='word_1_16' title='bbox 1855 359 1965 387; x_wconf 89' lang='lat' dir='ltr'>erant.</span> <span class='ocrx_word' id='word_1_17' title='bbox 2011 353 2156 387; x_wconf 84' lang='lat' dir='ltr'>Arabici</span> 
     </span>
     <span class='ocr_line' id='line_1_3' title="bbox 324 405 2156 451; baseline -0.002 -10"><span class='ocrx_word' id='word_1_18' title='bbox 324 415 450 446; x_wconf 88' lang='lat' dir='ltr'>autem,</span> <span class='ocrx_word' id='word_1_19' title='bbox 473 408 533 451; x_wconf 92' lang='lat' dir='ltr'>qui</span> <span class='ocrx_word' id='word_1_20' title='bbox 556 409 647 450; x_wconf 87' lang='lat' dir='ltr'>apud</span> <span class='ocrx_word' id='word_1_21' title='bbox 671 406 1012 449; x_wconf 83' lang='lat' dir='ltr'>Castrum-Johannis</span> <span class='ocrx_word' id='word_1_22' title='bbox 1035 405 1266 444; x_wconf 90' lang='lat' dir='ltr'>morabantur,</span> <span class='ocrx_word' id='word_1_23' title='bbox 1289 406 1491 438; x_wconf 78' lang='lat' dir='ltr'>strenuitate</span> <span class='ocrx_word' id='word_1_24' title='bbox 1509 405 1672 443; x_wconf 89' lang='lat' dir='ltr'>Serlonis,</span> <span class='ocrx_word' id='word_1_25' title='bbox 1690 406 1770 450; x_wconf 88' lang='lat' dir='ltr'>quia</span> <span class='ocrx_word' id='word_1_26' title='bbox 1786 407 1837 439; x_wconf 83' lang='lat' dir='ltr'>eis</span> <span class='ocrx_word' id='word_1_27' title='bbox 1853 407 1994 440; x_wconf 90' lang='lat' dir='ltr'>multum</span> <span class='ocrx_word' id='word_1_28' title='bbox 2011 407 2156 439; x_wconf 83' lang='lat' dir='ltr'>infestus</span> 
     </span>
     <span class='ocr_line' id='line_1_4' title="bbox 323 457 2156 503; baseline -0.001 -10"><span class='ocrx_word' id='word_1_29' title='bbox 323 467 404 500; x_wconf 88' lang='lat' dir='ltr'>erat,</span> <span class='ocrx_word' id='word_1_30' title='bbox 428 461 606 503; x_wconf 88' lang='lat' dir='ltr'>plurimum</span> <span class='ocrx_word' id='word_1_31' title='bbox 629 460 902 497; x_wconf 84' lang='lat' dir='ltr'>inimicabantur,</span> <span class='ocrx_word' id='word_1_32' title='bbox 925 459 1067 503; x_wconf 83' lang='lat' dir='ltr'>jugique</span> <span class='ocrx_word' id='word_1_33' title='bbox 1089 458 1280 491; x_wconf 88' lang='lat' dir='ltr'>intentione</span> <span class='ocrx_word' id='word_1_34' title='bbox 1305 458 1384 490; x_wconf 92' lang='lat' dir='ltr'>dolo</span> <span class='ocrx_word' id='word_1_35' title='bbox 1408 457 1463 490; x_wconf 90' lang='lat' dir='ltr'>vel</span> <span class='ocrx_word' id='word_1_36' title='bbox 1486 458 1589 490; x_wconf 88' lang='lat' dir='ltr'>armis</span> <span class='ocrx_word' id='word_1_37' title='bbox 1611 458 1745 491; x_wconf 82' lang='lat' dir='ltr'>ruinam</span> <span class='ocrx_word' id='word_1_38' title='bbox 1776 460 1849 492; x_wconf 87' lang='lat' dir='ltr'>eius</span> <span class='ocrx_word' id='word_1_39' title='bbox 1878 460 2038 493; x_wconf 89' lang='lat' dir='ltr'>meditari</span> <span class='ocrx_word' id='word_1_40' title='bbox 2069 459 2156 492; x_wconf 89' lang='lat' dir='ltr'>nite-</span> 
     </span>
     <span class='ocr_line' id='line_1_5' title="bbox 323 511 2156 555; baseline -0.001 -8"><span class='ocrx_word' id='word_1_41' title='bbox 323 515 454 547; x_wconf 89' lang='lat' dir='ltr'>bantur.</span> <span class='ocrx_word' id='word_1_42' title='bbox 479 514 670 547; x_wconf 88' lang='lat' dir='ltr'>Saracenus</span> <span class='ocrx_word' id='word_1_43' title='bbox 693 519 804 546; x_wconf 86' lang='lat' dir='ltr'>autem</span> <span class='ocrx_word' id='word_1_44' title='bbox 829 512 979 555; x_wconf 91' lang='lat' dir='ltr'>quidam,</span> <span class='ocrx_word' id='word_1_45' title='bbox 1011 513 1054 544; x_wconf 92' lang='lat' dir='ltr'>de</span> <span class='ocrx_word' id='word_1_46' title='bbox 1079 511 1329 554; x_wconf 88' lang='lat' dir='ltr'>potentioribus</span> <span class='ocrx_word' id='word_1_47' title='bbox 1352 511 1657 554; x_wconf 88' lang='lat' dir='ltr'>Castri-Johannis,</span> <span class='ocrx_word' id='word_1_48' title='bbox 1688 513 1825 545; x_wconf 90' lang='lat' dir='ltr'>nomine</span> <span class='ocrx_word' id='word_1_49' title='bbox 1852 513 2046 552; x_wconf 88' lang='lat' dir='ltr'>Brachiem,</span> <span class='ocrx_word' id='word_1_50' title='bbox 2077 523 2156 546; x_wconf 90' lang='lat' dir='ltr'>cum</span> 
     </span>
     <span class='ocr_line' id='line_1_6' title="bbox 323 564 2157 610; baseline -0.001 -11"><span class='ocrx_word' id='word_1_51' title='bbox 323 568 478 605; x_wconf 88' lang='lat' dir='ltr'>Serlone,</span> <span class='ocrx_word' id='word_1_52' title='bbox 501 573 539 599; x_wconf 89' lang='lat' dir='ltr'>ut</span> <span class='ocrx_word' id='word_1_53' title='bbox 560 577 638 599; x_wconf 90' lang='lat' dir='ltr'>eum</span> <span class='ocrx_word' id='word_1_54' title='bbox 661 566 797 598; x_wconf 77' lang='lat' dir='ltr'>facilius</span> <span class='ocrx_word' id='word_1_55' title='bbox 820 565 1011 608; x_wconf 85' lang='lat' dir='ltr'>deciperet,</span> <span class='ocrx_word' id='word_1_56' title='bbox 1035 565 1160 597; x_wconf 81' lang='lat' dir='ltr'>foedus</span> <span class='ocrx_word' id='word_1_57' title='bbox 1183 564 1318 602; x_wconf 85' lang='lat' dir='ltr'>inierat,</span> <span class='ocrx_word' id='word_1_58' title='bbox 1343 575 1530 608; x_wconf 88' lang='lat' dir='ltr'>eorumque</span> <span class='ocrx_word' id='word_1_59' title='bbox 1546 575 1641 597; x_wconf 88' lang='lat' dir='ltr'>more</span> <span class='ocrx_word' id='word_1_60' title='bbox 1658 575 1722 607; x_wconf 89' lang='lat' dir='ltr'>per</span> <span class='ocrx_word' id='word_1_61' title='bbox 1738 576 1855 598; x_wconf 89' lang='lat' dir='ltr'>aurem</span> <span class='ocrx_word' id='word_1_62' title='bbox 1870 567 2070 610; x_wconf 77' lang='lat' dir='ltr'>adoptivum</span> <span class='ocrx_word' id='word_1_63' title='bbox 2085 566 2157 599; x_wconf 80' lang='lat' dir='ltr'>fra-</span> 
     </span>
     <span class='ocr_line' id='line_1_7' title="bbox 323 617 2157 662; baseline -0.001 -10"><span class='ocrx_word' id='word_1_64' title='bbox 323 626 410 652; x_wconf 88' lang='lat' dir='ltr'>trem</span> <span class='ocrx_word' id='word_1_65' title='bbox 424 618 447 659; x_wconf 86' lang='lat'>¹,</span> <span class='ocrx_word' id='word_1_66' title='bbox 471 619 554 652; x_wconf 89' lang='lat' dir='ltr'>alter</span> <span class='ocrx_word' id='word_1_67' title='bbox 578 619 721 651; x_wconf 89' lang='lat' dir='ltr'>alterum</span> <span class='ocrx_word' id='word_1_68' title='bbox 744 619 875 651; x_wconf 77' lang='lat' dir='ltr'>factum</span> <span class='ocrx_word' id='word_1_69' title='bbox 899 618 1047 650; x_wconf 88' lang='lat' dir='ltr'>vicissim</span> <span class='ocrx_word' id='word_1_70' title='bbox 1071 619 1280 659; x_wconf 77' lang='lat' dir='ltr'>susceperat.</span> <span class='ocrx_word' id='word_1_71' title='bbox 1326 617 1406 655; x_wconf 91' lang='lat' dir='ltr'>Hic,</span> <span class='ocrx_word' id='word_1_72' title='bbox 1424 617 1609 650; x_wconf 82' lang='lat' dir='ltr'>traditione</span> <span class='ocrx_word' id='word_1_73' title='bbox 1626 627 1704 650; x_wconf 88' lang='lat' dir='ltr'>cum</span> <span class='ocrx_word' id='word_1_74' title='bbox 1719 619 1788 651; x_wconf 85' lang='lat' dir='ltr'>suis</span> <span class='ocrx_word' id='word_1_75' title='bbox 1803 620 2004 662; x_wconf 88' lang='lat' dir='ltr'>composita,</span> <span class='ocrx_word' id='word_1_76' title='bbox 2021 619 2157 653; x_wconf 89' lang='lat' dir='ltr'>Serloni</span> 
     </span>
     <span class='ocr_line' id='line_1_8' title="bbox 324 669 2155 714; baseline -0.001 -10"><span class='ocrx_word' id='word_1_77' title='bbox 324 671 483 704; x_wconf 87' lang='lat' dir='ltr'>salutaria</span> <span class='ocrx_word' id='word_1_78' title='bbox 506 671 707 704; x_wconf 87' lang='lat' dir='ltr'>munuscula</span> <span class='ocrx_word' id='word_1_79' title='bbox 729 682 806 704; x_wconf 90' lang='lat' dir='ltr'>cum</span> <span class='ocrx_word' id='word_1_80' title='bbox 831 671 1033 704; x_wconf 77' lang='lat' dir='ltr'>amicalibus</span> <span class='ocrx_word' id='word_1_81' title='bbox 1055 669 1170 702; x_wconf 88' lang='lat' dir='ltr'>verbis</span> <span class='ocrx_word' id='word_1_82' title='bbox 1197 670 1231 702; x_wconf 89' lang='lat' dir='ltr'>in</span> <span class='ocrx_word' id='word_1_83' title='bbox 1262 670 1343 703; x_wconf 91' lang='lat' dir='ltr'>dolo</span> <span class='ocrx_word' id='word_1_84' title='bbox 1373 670 1524 709; x_wconf 89' lang='lat' dir='ltr'>mandat,</span> <span class='ocrx_word' id='word_1_85' title='bbox 1556 670 1646 702; x_wconf 85' lang='lat' dir='ltr'>inter</span> <span class='ocrx_word' id='word_1_86' title='bbox 1675 680 1764 714; x_wconf 92' lang='lat' dir='ltr'>quae</span> <span class='ocrx_word' id='word_1_87' title='bbox 1794 671 1899 704; x_wconf 81' lang='lat' dir='ltr'>etiam</span> <span class='ocrx_word' id='word_1_88' title='bbox 1929 671 2044 705; x_wconf 85' lang='lat' dir='ltr'>intulit</span> <span class='ocrx_word' id='word_1_89' title='bbox 2074 672 2155 704; x_wconf 88' lang='lat' dir='ltr'>ista:</span> 
     </span>
     <span class='ocr_line' id='line_1_9' title="bbox 330 722 2158 767; baseline 0.001 -10"><span class='ocrx_word' id='word_1_90' title='bbox 330 727 344 743; x_wconf 82' lang='lat'>“</span> <span class='ocrx_word' id='word_1_91' title='bbox 357 725 452 758; x_wconf 84' lang='lat' dir='ltr'>Sciat</span> <span class='ocrx_word' id='word_1_92' title='bbox 476 725 671 757; x_wconf 80' lang='lat' dir='ltr'>fraternitas</span> <span class='ocrx_word' id='word_1_93' title='bbox 694 724 848 767; x_wconf 82' lang='lat' dir='ltr'>adoptivi</span> <span class='ocrx_word' id='word_1_94' title='bbox 872 724 949 760; x_wconf 88' lang='lat' dir='ltr'>mei,</span> <span class='ocrx_word' id='word_1_95' title='bbox 974 724 1078 767; x_wconf 90' lang='lat' dir='ltr'>quod,</span> <span class='ocrx_word' id='word_1_96' title='bbox 1102 723 1164 756; x_wconf 87' lang='lat' dir='ltr'>tali</span> <span class='ocrx_word' id='word_1_97' title='bbox 1187 723 1243 755; x_wconf 86' lang='lat' dir='ltr'>vel</span> <span class='ocrx_word' id='word_1_98' title='bbox 1265 723 1326 755; x_wconf 92' lang='lat' dir='ltr'>tali</span> <span class='ocrx_word' id='word_1_99' title='bbox 1349 722 1418 762; x_wconf 89' lang='lat' dir='ltr'>die,</span> <span class='ocrx_word' id='word_1_100' title='bbox 1441 729 1574 766; x_wconf 89' lang='lat' dir='ltr'>septem</span> <span class='ocrx_word' id='word_1_101' title='bbox 1600 724 1837 756; x_wconf 86' lang='lat' dir='ltr'>tantummodo</span> <span class='ocrx_word' id='word_1_102' title='bbox 1859 724 2003 758; x_wconf 87' lang='lat' dir='ltr'>Arabici</span> <span class='ocrx_word' id='word_1_103' title='bbox 2027 735 2070 758; x_wconf 88' lang='lat' dir='ltr'>ex</span> <span class='ocrx_word' id='word_1_104' title='bbox 2097 725 2158 758; x_wconf 91' lang='lat' dir='ltr'>de-</span> 
     </span>
     <span class='ocr_line' id='line_1_10' title="bbox 331 775 2314 822; baseline 0.001 -12"><span class='ocrx_word' id='word_1_105' title='bbox 331 778 560 811; x_wconf 86' lang='lat' dir='ltr'>“liberatione</span> <span class='ocrx_word' id='word_1_106' title='bbox 583 778 768 822; x_wconf 79' lang='lat' dir='ltr'>jactantiae</span> <span class='ocrx_word' id='word_1_107' title='bbox 791 778 836 811; x_wconf 86' lang='lat' dir='ltr'>ad</span> <span class='ocrx_word' id='word_1_108' title='bbox 860 784 983 810; x_wconf 87' lang='lat' dir='ltr'>terram</span> <span class='ocrx_word' id='word_1_109' title='bbox 1007 783 1100 809; x_wconf 90' lang='lat' dir='ltr'>tuam</span> <span class='ocrx_word' id='word_1_110' title='bbox 1124 776 1254 809; x_wconf 89' lang='lat' dir='ltr'>debent</span> <span class='ocrx_word' id='word_1_111' title='bbox 1275 775 1478 818; x_wconf 85' lang='lat' dir='ltr'>praedatum</span> <span class='ocrx_word' id='word_1_112' title='bbox 1502 777 1598 809; x_wconf 90' lang='lat' dir='ltr'>adire</span> <span class='ocrx_word' id='word_1_113' title='bbox 1614 800 1642 818; x_wconf 86' lang='lat'>„.</span> <span class='ocrx_word' id='word_1_114' title='bbox 1689 775 1795 814; x_wconf 85' lang='lat' dir='ltr'>Quod</span> <span class='ocrx_word' id='word_1_115' title='bbox 1817 777 1916 811; x_wconf 89' lang='lat' dir='ltr'>Serlo</span> <span class='ocrx_word' id='word_1_116' title='bbox 1939 778 2092 817; x_wconf 89' lang='lat' dir='ltr'>audiens,</span> <span class='ocrx_word' id='word_1_117' title='bbox 2115 778 2157 810; x_wconf 85' lang='lat' dir='ltr'>ri·</span> <span class='ocrx_word' id='word_1_118' title='bbox 2312 810 2314 813; x_wconf 86' lang='lat'>.</span> 
     </span>
     <span class='ocr_line' id='line_1_11' title="bbox 326 823 2314 874; baseline 0.001 -11"><span class='ocrx_word' id='word_1_119' title='bbox 326 831 443 864; x_wconf 89' lang='lat' dir='ltr'>diculo</span> <span class='ocrx_word' id='word_1_120' title='bbox 467 831 595 863; x_wconf 89' lang='lat' dir='ltr'>habere</span> <span class='ocrx_word' id='word_1_121' title='bbox 618 830 756 874; x_wconf 87' lang='lat' dir='ltr'>coepit;</span> <span class='ocrx_word' id='word_1_122' title='bbox 781 832 958 874; x_wconf 85' lang='lat' dir='ltr'>minusque</span> <span class='ocrx_word' id='word_1_123' title='bbox 981 830 1047 863; x_wconf 87' lang='lat' dir='ltr'>sibi</span> <span class='ocrx_word' id='word_1_124' title='bbox 1070 829 1297 872; x_wconf 88' lang='lat' dir='ltr'>prospiciens,</span> <span class='ocrx_word' id='word_1_125' title='bbox 1321 840 1364 862; x_wconf 87' lang='lat' dir='ltr'>ex</span> <span class='ocrx_word' id='word_1_126' title='bbox 1386 829 1510 862; x_wconf 86' lang='lat' dir='ltr'>vicinis</span> <span class='ocrx_word' id='word_1_127' title='bbox 1535 829 1654 862; x_wconf 88' lang='lat' dir='ltr'>castris</span> <span class='ocrx_word' id='word_1_128' title='bbox 1676 830 1848 862; x_wconf 89' lang='lat' dir='ltr'>neminem</span> <span class='ocrx_word' id='word_1_129' title='bbox 1865 829 1931 863; x_wconf 91' lang='lat' dir='ltr'>sibi</span> <span class='ocrx_word' id='word_1_130' title='bbox 1945 831 1981 862; x_wconf 89' lang='lat' dir='ltr'>in</span> <span class='ocrx_word' id='word_1_131' title='bbox 1995 831 2156 864; x_wconf 87' lang='lat' dir='ltr'>auxilium</span> <span class='ocrx_word' id='word_1_132' title='bbox 2185 831 2223 864; x_wconf 91' lang='lat'>10</span> <span class='ocrx_word' id='word_1_133' title='bbox 2276 856 2278 858; x_wconf 89' lang='lat'>-</span> <span class='ocrx_word' id='word_1_134' title='bbox 2312 823 2314 845; x_wconf 72' lang='lat'>³</span> 
     </span>
     <span class='ocr_line' id='line_1_12' title="bbox 325 882 1582 923; baseline 0 -8"><span class='ocrx_word' id='word_1_135' title='bbox 325 884 510 916; x_wconf 88' lang='lat' dir='ltr'>arcessivit.</span> <span class='ocrx_word' id='word_1_136' title='bbox 557 884 637 922; x_wconf 87' lang='lat' dir='ltr'>Sed,</span> <span class='ocrx_word' id='word_1_137' title='bbox 661 883 890 916; x_wconf 86' lang='lat' dir='ltr'>determinato</span> <span class='ocrx_word' id='word_1_138' title='bbox 914 884 983 923; x_wconf 87' lang='lat' dir='ltr'>die,</span> <span class='ocrx_word' id='word_1_139' title='bbox 1006 883 1220 916; x_wconf 83' lang='lat' dir='ltr'>inconsultus</span> <span class='ocrx_word' id='word_1_140' title='bbox 1242 889 1405 915; x_wconf 89' lang='lat' dir='ltr'>venatum</span> <span class='ocrx_word' id='word_1_141' title='bbox 1429 882 1582 915; x_wconf 88' lang='lat' dir='ltr'>secessit.</span> 
     </span>
     <span class='ocr_line' id='line_1_13' title="bbox 411 936 2159 980; baseline 0.001 -11"><span class='ocrx_word' id='word_1_142' title='bbox 411 937 520 971; x_wconf 90' lang='lat' dir='ltr'>Porro</span> <span class='ocrx_word' id='word_1_143' title='bbox 542 937 694 976; x_wconf 89' lang='lat' dir='ltr'>Arabici,</span> <span class='ocrx_word' id='word_1_144' title='bbox 719 938 776 980; x_wconf 90' lang='lat' dir='ltr'>qui</span> <span class='ocrx_word' id='word_1_145' title='bbox 800 937 915 970; x_wconf 92' lang='lat' dir='ltr'>dolum</span> <span class='ocrx_word' id='word_1_146' title='bbox 940 942 1214 979; x_wconf 83' lang='lat' dir='ltr'>composuerant,</span> <span class='ocrx_word' id='word_1_147' title='bbox 1237 946 1314 968; x_wconf 87' lang='lat' dir='ltr'>cum</span> <span class='ocrx_word' id='word_1_148' title='bbox 1345 936 1573 980; x_wconf 87' lang='lat' dir='ltr'>septingentis</span> <span class='ocrx_word' id='word_1_149' title='bbox 1603 936 1766 969; x_wconf 85' lang='lat' dir='ltr'>militibus</span> <span class='ocrx_word' id='word_1_150' title='bbox 1796 942 1831 969; x_wconf 90' lang='lat' dir='ltr'>et</span> <span class='ocrx_word' id='word_1_151' title='bbox 1857 936 1990 970; x_wconf 90' lang='lat' dir='ltr'>duobus</span> <span class='ocrx_word' id='word_1_152' title='bbox 2011 937 2159 971; x_wconf 83' lang='lat' dir='ltr'>millibus</span> 
     </span>
     <span class='ocr_line' id='line_1_14' title="bbox 324 989 2161 1034; baseline 0.001 -11"><span class='ocrx_word' id='word_1_153' title='bbox 324 991 479 1034; x_wconf 88' lang='lat' dir='ltr'>peditum</span> <span class='ocrx_word' id='word_1_154' title='bbox 503 991 546 1023; x_wconf 90' lang='lat' dir='ltr'>de</span> <span class='ocrx_word' id='word_1_155' title='bbox 571 990 879 1033; x_wconf 85' lang='lat' dir='ltr'>Castro-Johannis</span> <span class='ocrx_word' id='word_1_156' title='bbox 902 990 1058 1033; x_wconf 85' lang='lat' dir='ltr'>digressi,</span> <span class='ocrx_word' id='word_1_157' title='bbox 1082 989 1174 1021; x_wconf 86' lang='lat' dir='ltr'>haud</span> <span class='ocrx_word' id='word_1_158' title='bbox 1196 989 1318 1031; x_wconf 90' lang='lat' dir='ltr'>procul</span> <span class='ocrx_word' id='word_1_159' title='bbox 1341 999 1362 1021; x_wconf 85' lang='lat' dir='ltr'>a</span> <span class='ocrx_word' id='word_1_160' title='bbox 1384 989 1532 1022; x_wconf 89' lang='lat' dir='ltr'>Ceramo</span> <span class='ocrx_word' id='word_1_161' title='bbox 1562 989 1598 1021; x_wconf 90' lang='lat' dir='ltr'>in</span> <span class='ocrx_word' id='word_1_162' title='bbox 1629 989 1754 1022; x_wconf 84' lang='lat' dir='ltr'>abditis</span> <span class='ocrx_word' id='word_1_163' title='bbox 1782 989 1866 1022; x_wconf 88' lang='lat' dir='ltr'>locis</span> <span class='ocrx_word' id='word_1_164' title='bbox 1893 989 2037 1023; x_wconf 85' lang='lat' dir='ltr'>insidias</span> <span class='ocrx_word' id='word_1_165' title='bbox 2066 991 2161 1024; x_wconf 82' lang='lat' dir='ltr'>ordi-</span> 
     </span>
     <span class='ocr_line' id='line_1_15' title="bbox 145 1040 2275 1087; baseline -0.001 -9"><span class='ocrx_word' id='word_1_166' title='bbox 145 1055 168 1078; x_wconf 68' lang='grc' dir='ltr'>ε,</span> <span class='ocrx_word' id='word_1_167' title='bbox 184 1061 230 1079; x_wconf 64' lang='lat' dir='ltr'>nr</span> <span class='ocrx_word' id='word_1_168' title='bbox 325 1049 417 1082; x_wconf 87' lang='lat' dir='ltr'>nant,</span> <span class='ocrx_word' id='word_1_169' title='bbox 440 1050 571 1086; x_wconf 89' lang='lat' dir='ltr'>septem</span> <span class='ocrx_word' id='word_1_170' title='bbox 605 1042 852 1081; x_wconf 87' lang='lat' dir='ltr'>tantummodo,</span> <span class='ocrx_word' id='word_1_171' title='bbox 883 1049 920 1075; x_wconf 90' lang='lat' dir='ltr'>ut</span> <span class='ocrx_word' id='word_1_172' title='bbox 950 1043 1131 1075; x_wconf 92' lang='lat' dir='ltr'>Brachiem</span> <span class='ocrx_word' id='word_1_173' title='bbox 1169 1040 1308 1075; x_wconf 88' lang='lat' dir='ltr'>Serloni</span> <span class='ocrx_word' id='word_1_174' title='bbox 1338 1041 1583 1080; x_wconf 87' lang='lat' dir='ltr'>indicaverat&#39;,</span> <span class='ocrx_word' id='word_1_175' title='bbox 1614 1042 1739 1075; x_wconf 87' lang='lat' dir='ltr'>milites</span> <span class='ocrx_word' id='word_1_176' title='bbox 1766 1042 1980 1082; x_wconf 86' lang='lat' dir='ltr'>mandantes,</span> <span class='ocrx_word' id='word_1_177' title='bbox 2012 1042 2071 1086; x_wconf 87' lang='lat' dir='ltr'>qui</span> <span class='ocrx_word' id='word_1_178' title='bbox 2093 1043 2160 1076; x_wconf 88' lang='lat' dir='ltr'>Ce-</span> <span class='ocrx_word' id='word_1_179' title='bbox 2272 1086 2275 1087; x_wconf 20' lang='lat'><em>⁷</em></span> 
     </span>
     <span class='ocr_line' id='line_1_16' title="bbox 325 1095 2278 1139; baseline 0 -10"><span class='ocrx_word' id='word_1_180' title='bbox 325 1107 432 1136; x_wconf 90' lang='lat' dir='ltr'>ramo,</span> <span class='ocrx_word' id='word_1_181' title='bbox 462 1097 593 1139; x_wconf 87' lang='lat' dir='ltr'>praeda</span> <span class='ocrx_word' id='word_1_182' title='bbox 620 1102 731 1139; x_wconf 90' lang='lat' dir='ltr'>capta,</span> <span class='ocrx_word' id='word_1_183' title='bbox 762 1096 941 1128; x_wconf 89' lang='lat' dir='ltr'>Serlonem</span> <span class='ocrx_word' id='word_1_184' title='bbox 972 1096 1180 1128; x_wconf 86' lang='lat' dir='ltr'>exstrahunt.</span> <span class='ocrx_word' id='word_1_185' title='bbox 1226 1096 1377 1139; x_wconf 90' lang='lat' dir='ltr'>Insurgit</span> <span class='ocrx_word' id='word_1_186' title='bbox 1412 1095 1561 1134; x_wconf 70' lang='lat' dir='ltr'>clamor:</span> <span class='ocrx_word' id='word_1_187' title='bbox 1586 1095 1629 1128; x_wconf 89' lang='lat' dir='ltr'>ab</span> <span class='ocrx_word' id='word_1_188' title='bbox 1657 1096 1782 1128; x_wconf 90' lang='lat' dir='ltr'>incolis</span> <span class='ocrx_word' id='word_1_189' title='bbox 1811 1096 2012 1138; x_wconf 86' lang='lat' dir='ltr'>provinciae</span> <span class='ocrx_word' id='word_1_190' title='bbox 2042 1096 2165 1129; x_wconf 86' lang='lat' dir='ltr'>tumul-</span> <span class='ocrx_word' id='word_1_191' title='bbox 2192 1095 2230 1129; x_wconf 87' lang='grc'>15</span> <span class='ocrx_word' id='word_1_192' title='bbox 2276 1127 2278 1130; x_wconf 78' lang='grc'>,</span> 
     </span>
     <span class='ocr_line' id='line_1_17' title="bbox 326 1148 2163 1193; baseline 0 -11"><span class='ocrx_word' id='word_1_193' title='bbox 326 1155 457 1188; x_wconf 84' lang='lat' dir='ltr'>tuatur;</span> <span class='ocrx_word' id='word_1_194' title='bbox 480 1160 500 1181; x_wconf 94' lang='lat' dir='ltr'>a</span> <span class='ocrx_word' id='word_1_195' title='bbox 523 1149 678 1191; x_wconf 88' lang='lat' dir='ltr'>Serlone,</span> <span class='ocrx_word' id='word_1_196' title='bbox 706 1149 765 1182; x_wconf 89' lang='lat' dir='ltr'>ubi</span> <span class='ocrx_word' id='word_1_197' title='bbox 795 1155 954 1182; x_wconf 89' lang='lat' dir='ltr'>venatum</span> <span class='ocrx_word' id='word_1_198' title='bbox 985 1150 1083 1187; x_wconf 89' lang='lat' dir='ltr'>ierat,</span> <span class='ocrx_word' id='word_1_199' title='bbox 1114 1148 1393 1181; x_wconf 86' lang='lat' dir='ltr'>tumultuantium</span> <span class='ocrx_word' id='word_1_200' title='bbox 1425 1148 1551 1181; x_wconf 88' lang='lat' dir='ltr'>civium</span> <span class='ocrx_word' id='word_1_201' title='bbox 1581 1149 1744 1192; x_wconf 84' lang='lat' dir='ltr'>strepitus</span> <span class='ocrx_word' id='word_1_202' title='bbox 1773 1148 1922 1182; x_wconf 88' lang='lat' dir='ltr'>auditur.</span> <span class='ocrx_word' id='word_1_203' title='bbox 1969 1149 2052 1188; x_wconf 91' lang='lat' dir='ltr'>Sed,</span> <span class='ocrx_word' id='word_1_204' title='bbox 2083 1149 2163 1193; x_wconf 85' lang='lat' dir='ltr'>quia</span> 
     </span>
     <span class='ocr_line' id='line_1_18' title="bbox 326 1202 2162 1245; baseline 0.001 -10"><span class='ocrx_word' id='word_1_205' title='bbox 326 1203 467 1235; x_wconf 90' lang='lat' dir='ltr'>inermis</span> <span class='ocrx_word' id='word_1_206' title='bbox 488 1207 715 1245; x_wconf 87' lang='lat' dir='ltr'>processerat,</span> <span class='ocrx_word' id='word_1_207' title='bbox 738 1202 892 1234; x_wconf 89' lang='lat' dir='ltr'>nuntium</span> <span class='ocrx_word' id='word_1_208' title='bbox 918 1203 1010 1244; x_wconf 91' lang='lat' dir='ltr'>apud</span> <span class='ocrx_word' id='word_1_209' title='bbox 1034 1202 1229 1239; x_wconf 90' lang='lat' dir='ltr'>Ceramum,</span> <span class='ocrx_word' id='word_1_210' title='bbox 1261 1202 1305 1234; x_wconf 87' lang='lat' dir='ltr'>ad</span> <span class='ocrx_word' id='word_1_211' title='bbox 1336 1202 1527 1235; x_wconf 78' lang='lat' dir='ltr'>deferenda</span> <span class='ocrx_word' id='word_1_212' title='bbox 1556 1202 1619 1234; x_wconf 92' lang='lat' dir='ltr'>sibi</span> <span class='ocrx_word' id='word_1_213' title='bbox 1649 1212 1746 1234; x_wconf 88' lang='lat' dir='ltr'>arma</span> <span class='ocrx_word' id='word_1_214' title='bbox 1775 1212 1922 1245; x_wconf 87' lang='lat' dir='ltr'>suosque</span> <span class='ocrx_word' id='word_1_215' title='bbox 1953 1202 2162 1242; x_wconf 84' lang='lat' dir='ltr'>invitandos,</span> 
     </span>
     <span class='ocr_line' id='line_1_19' title="bbox 327 1254 2163 1299; baseline 0 -11"><span class='ocrx_word' id='word_1_216' title='bbox 327 1257 475 1294; x_wconf 92' lang='lat' dir='ltr'>mittens,</span> <span class='ocrx_word' id='word_1_217' title='bbox 498 1255 583 1298; x_wconf 86' lang='lat' dir='ltr'>ipse,</span> <span class='ocrx_word' id='word_1_218' title='bbox 607 1265 674 1298; x_wconf 89' lang='lat' dir='ltr'>quo</span> <span class='ocrx_word' id='word_1_219' title='bbox 699 1255 829 1287; x_wconf 86' lang='lat' dir='ltr'>clamor</span> <span class='ocrx_word' id='word_1_220' title='bbox 851 1255 994 1287; x_wconf 79' lang='lat' dir='ltr'>infestus</span> <span class='ocrx_word' id='word_1_221' title='bbox 1017 1255 1173 1298; x_wconf 89' lang='lat' dir='ltr'>urgebat,</span> <span class='ocrx_word' id='word_1_222' title='bbox 1188 1254 1422 1288; x_wconf 87' lang='lat' dir='ltr'>sciscitaturus</span> <span class='ocrx_word' id='word_1_223' title='bbox 1437 1255 1600 1298; x_wconf 86' lang='lat' dir='ltr'>quidnam</span> <span class='ocrx_word' id='word_1_224' title='bbox 1616 1261 1717 1294; x_wconf 83' lang='lat' dir='ltr'>esset,</span> <span class='ocrx_word' id='word_1_225' title='bbox 1733 1256 1961 1299; x_wconf 84' lang='lat' dir='ltr'>progreditur.</span> <span class='ocrx_word' id='word_1_226' title='bbox 2006 1255 2065 1295; x_wconf 86' lang='lat' dir='ltr'>At,</span> <span class='ocrx_word' id='word_1_227' title='bbox 2081 1256 2163 1289; x_wconf 87' lang='lat' dir='ltr'>dum</span> 
     </span>
     <span class='ocr_line' id='line_1_20' title="bbox 328 1307 2165 1352; baseline 0 -11"><span class='ocrx_word' id='word_1_228' title='bbox 328 1319 348 1341; x_wconf 84' lang='lat' dir='ltr'>a</span> <span class='ocrx_word' id='word_1_229' title='bbox 370 1314 497 1350; x_wconf 86' lang='lat' dir='ltr'>septem</span> <span class='ocrx_word' id='word_1_230' title='bbox 524 1307 685 1340; x_wconf 89' lang='lat' dir='ltr'>militibus</span> <span class='ocrx_word' id='word_1_231' title='bbox 707 1308 838 1350; x_wconf 88' lang='lat' dir='ltr'>praeda</span> <span class='ocrx_word' id='word_1_232' title='bbox 860 1308 986 1340; x_wconf 88' lang='lat' dir='ltr'>abduci</span> <span class='ocrx_word' id='word_1_233' title='bbox 1012 1308 1149 1346; x_wconf 90' lang='lat' dir='ltr'>dicitur,</span> <span class='ocrx_word' id='word_1_234' title='bbox 1173 1319 1268 1340; x_wconf 89' lang='lat' dir='ltr'>arma</span> <span class='ocrx_word' id='word_1_235' title='bbox 1291 1307 1358 1340; x_wconf 92' lang='lat' dir='ltr'>sibi</span> <span class='ocrx_word' id='word_1_236' title='bbox 1381 1307 1497 1340; x_wconf 85' lang='lat' dir='ltr'>delata</span> <span class='ocrx_word' id='word_1_237' title='bbox 1526 1308 1727 1351; x_wconf 90' lang='lat' dir='ltr'>corripiens,</span> <span class='ocrx_word' id='word_1_238' title='bbox 1758 1308 1926 1351; x_wconf 85' lang='lat' dir='ltr'>adoptivo</span> <span class='ocrx_word' id='word_1_239' title='bbox 1957 1308 2058 1342; x_wconf 79' lang='lat' dir='ltr'>fratri</span> <span class='ocrx_word' id='word_1_240' title='bbox 2086 1308 2165 1352; x_wconf 84' lang='lat' dir='ltr'>plus</span> 
     </span>
     <span class='ocr_line' id='line_1_21' title="bbox 326 1360 2261 1405; baseline 0 -11"><span class='ocrx_word' id='word_1_241' title='bbox 326 1361 520 1394; x_wconf 87' lang='lat' dir='ltr'>necessario</span> <span class='ocrx_word' id='word_1_242' title='bbox 545 1361 715 1399; x_wconf 87' lang='lat' dir='ltr'>credulus,</span> <span class='ocrx_word' id='word_1_243' title='bbox 739 1361 933 1403; x_wconf 90' lang='lat' dir='ltr'>improvide</span> <span class='ocrx_word' id='word_1_244' title='bbox 956 1360 1180 1404; x_wconf 87' lang='lat' dir='ltr'>subsequens,</span> <span class='ocrx_word' id='word_1_245' title='bbox 1202 1361 1292 1393; x_wconf 86' lang='lat' dir='ltr'>ultra</span> <span class='ocrx_word' id='word_1_246' title='bbox 1314 1360 1456 1394; x_wconf 89' lang='lat' dir='ltr'>insidias</span> <span class='ocrx_word' id='word_1_247' title='bbox 1478 1362 1710 1405; x_wconf 85' lang='lat' dir='ltr'>progreditur.</span> <span class='ocrx_word' id='word_1_248' title='bbox 1754 1361 1826 1394; x_wconf 89' lang='lat' dir='ltr'>Illis</span> <span class='ocrx_word' id='word_1_249' title='bbox 1842 1367 1955 1395; x_wconf 85' lang='lat' dir='ltr'>autem</span> <span class='ocrx_word' id='word_1_250' title='bbox 1971 1361 2015 1395; x_wconf 88' lang='lat' dir='ltr'>ab</span> <span class='ocrx_word' id='word_1_251' title='bbox 2030 1361 2164 1394; x_wconf 79' lang='lat' dir='ltr'>insidiis</span> <span class='ocrx_word' id='word_1_252' title='bbox 2187 1363 2230 1394; x_wconf 82' lang='lat'>20</span> <span class='ocrx_word' id='word_1_253' title='bbox 2260 1391 2261 1394; x_wconf 75' lang='grc'>,</span> 
     </span>
     <span class='ocr_line' id='line_1_22' title="bbox 138 1414 2164 1467; baseline 0 -20"><span class='ocrx_word' id='word_1_254' title='bbox 138 1415 264 1467; x_wconf 43' lang='grc' dir='ltr'>ᾗὰιξζζζδ</span> <span class='ocrx_word' id='word_1_255' title='bbox 330 1414 657 1458; x_wconf 88' lang='lat' dir='ltr'>&#39;prorumpentibus,</span> <span class='ocrx_word' id='word_1_256' title='bbox 681 1425 758 1447; x_wconf 89' lang='lat' dir='ltr'>cum</span> <span class='ocrx_word' id='word_1_257' title='bbox 781 1414 896 1447; x_wconf 89' lang='lat' dir='ltr'>hostes</span> <span class='ocrx_word' id='word_1_258' title='bbox 919 1425 939 1446; x_wconf 87' lang='lat' dir='ltr'>a</span> <span class='ocrx_word' id='word_1_259' title='bbox 960 1420 1059 1458; x_wconf 87' lang='lat' dir='ltr'>tergo</span> <span class='ocrx_word' id='word_1_260' title='bbox 1083 1414 1257 1447; x_wconf 85' lang='lat' dir='ltr'>horribili&#39;</span> <span class='ocrx_word' id='word_1_261' title='bbox 1282 1424 1451 1447; x_wconf 87' lang='lat' dir='ltr'>armorum</span> <span class='ocrx_word' id='word_1_262' title='bbox 1474 1414 1610 1447; x_wconf 89' lang='lat' dir='ltr'>turbine</span> <span class='ocrx_word' id='word_1_263' title='bbox 1627 1415 1944 1457; x_wconf 88' lang='lat' dir='ltr'>deprehenduntur,</span> <span class='ocrx_word' id='word_1_264' title='bbox 1961 1414 2070 1454; x_wconf 80' lang='lat' dir='ltr'>Serlo,</span> <span class='ocrx_word' id='word_1_265' title='bbox 2086 1425 2164 1448; x_wconf 87' lang='lat' dir='ltr'>cum</span> 
     </span>
     <span class='ocr_line' id='line_1_23' title="bbox 328 1467 2163 1511; baseline 0 -11"><span class='ocrx_word' id='word_1_266' title='bbox 328 1467 529 1500; x_wconf 86' lang='lat' dir='ltr'>decertandi</span> <span class='ocrx_word' id='word_1_267' title='bbox 553 1467 675 1509; x_wconf 89' lang='lat' dir='ltr'>copiae</span> <span class='ocrx_word' id='word_1_268' title='bbox 698 1477 768 1500; x_wconf 90' lang='lat' dir='ltr'>non</span> <span class='ocrx_word' id='word_1_269' title='bbox 793 1472 919 1506; x_wconf 87' lang='lat' dir='ltr'>essent,</span> <span class='ocrx_word' id='word_1_270' title='bbox 944 1489 982 1494; x_wconf 82' lang='lat'>—</span> <span class='ocrx_word' id='word_1_271' title='bbox 1007 1468 1069 1500; x_wconf 90' lang='lat' dir='ltr'>sed</span> <span class='ocrx_word' id='word_1_272' title='bbox 1093 1473 1126 1500; x_wconf 89' lang='lat' dir='ltr'>et</span> <span class='ocrx_word' id='word_1_273' title='bbox 1148 1467 1254 1511; x_wconf 85' lang='lat' dir='ltr'>fugae</span> <span class='ocrx_word' id='word_1_274' title='bbox 1277 1467 1452 1509; x_wconf 83' lang='lat' dir='ltr'>praesidio</span> <span class='ocrx_word' id='word_1_275' title='bbox 1476 1467 1635 1501; x_wconf 89' lang='lat' dir='ltr'>diffidens</span> <span class='ocrx_word' id='word_1_276' title='bbox 1659 1487 1698 1493; x_wconf 86' lang='lat'>—-</span> <span class='ocrx_word' id='word_1_277' title='bbox 1724 1478 1802 1500; x_wconf 91' lang='lat' dir='ltr'>cum</span> <span class='ocrx_word' id='word_1_278' title='bbox 1824 1467 1958 1510; x_wconf 86' lang='lat' dir='ltr'>paucis,</span> <span class='ocrx_word' id='word_1_279' title='bbox 1974 1467 2033 1511; x_wconf 91' lang='lat' dir='ltr'>qui</span> <span class='ocrx_word' id='word_1_280' title='bbox 2047 1477 2163 1501; x_wconf 87' lang='lat' dir='ltr'>secum</span> 
     </span>
     <span class='ocr_line' id='line_1_24' title="bbox 328 1519 2165 1564; baseline 0.001 -11"><span class='ocrx_word' id='word_1_281' title='bbox 328 1526 435 1559; x_wconf 88' lang='lat' dir='ltr'>erant,</span> <span class='ocrx_word' id='word_1_282' title='bbox 458 1525 601 1562; x_wconf 88' lang='lat' dir='ltr'>petram,</span> <span class='ocrx_word' id='word_1_283' title='bbox 626 1530 714 1563; x_wconf 88' lang='lat' dir='ltr'>quae</span> <span class='ocrx_word' id='word_1_284' title='bbox 737 1520 781 1553; x_wconf 92' lang='lat' dir='ltr'>ab</span> <span class='ocrx_word' id='word_1_285' title='bbox 803 1521 880 1563; x_wconf 85' lang='lat' dir='ltr'>ipsa</span> <span class='ocrx_word' id='word_1_286' title='bbox 904 1521 961 1554; x_wconf 91' lang='lat' dir='ltr'>die</span> <span class='ocrx_word' id='word_1_287' title='bbox 985 1520 1139 1553; x_wconf 90' lang='lat' dir='ltr'>Serlonis</span> <span class='ocrx_word' id='word_1_288' title='bbox 1162 1520 1254 1553; x_wconf 92' lang='lat' dir='ltr'>dicta</span> <span class='ocrx_word' id='word_1_289' title='bbox 1285 1526 1337 1553; x_wconf 88' lang='lat' dir='ltr'>est</span> <span class='ocrx_word' id='word_1_290' title='bbox 1348 1519 1371 1560; x_wconf 81' lang='lat'>²,</span> <span class='ocrx_word' id='word_1_291' title='bbox 1403 1531 1504 1553; x_wconf 88' lang='lat' dir='ltr'>cursu</span> <span class='ocrx_word' id='word_1_292' title='bbox 1526 1520 1669 1564; x_wconf 85' lang='lat' dir='ltr'>expetit.</span> <span class='ocrx_word' id='word_1_293' title='bbox 1716 1519 1796 1559; x_wconf 86' lang='lat' dir='ltr'>Qua</span> <span class='ocrx_word' id='word_1_294' title='bbox 1827 1531 1980 1560; x_wconf 86' lang='lat' dir='ltr'>ascensa,</span> <span class='ocrx_word' id='word_1_295' title='bbox 2011 1532 2032 1553; x_wconf 93' lang='lat' dir='ltr'>a</span> <span class='ocrx_word' id='word_1_296' title='bbox 2062 1521 2165 1555; x_wconf 79' lang='lat' dir='ltr'>dorso</span> 
     </span>
     <span class='ocr_line' id='line_1_25' title="bbox 327 1573 2163 1616; baseline 0.001 -11"><span class='ocrx_word' id='word_1_297' title='bbox 327 1583 391 1616; x_wconf 92' lang='lat' dir='ltr'>pro</span> <span class='ocrx_word' id='word_1_298' title='bbox 415 1582 511 1605; x_wconf 91' lang='lat' dir='ltr'>muro</span> <span class='ocrx_word' id='word_1_299' title='bbox 535 1573 607 1605; x_wconf 91' lang='lat' dir='ltr'>eius</span> <span class='ocrx_word' id='word_1_300' title='bbox 629 1584 720 1612; x_wconf 84' lang='lat' dir='ltr'>usus,</span> <span class='ocrx_word' id='word_1_301' title='bbox 744 1573 803 1606; x_wconf 91' lang='lat' dir='ltr'>diu</span> <span class='ocrx_word' id='word_1_302' title='bbox 827 1573 973 1612; x_wconf 77' lang='lat' dir='ltr'>fortiter,</span> <span class='ocrx_word' id='word_1_303' title='bbox 996 1574 1059 1606; x_wconf 89' lang='lat' dir='ltr'>sed</span> <span class='ocrx_word' id='word_1_304' title='bbox 1081 1574 1174 1606; x_wconf 89' lang='lat' dir='ltr'>nullo</span> <span class='ocrx_word' id='word_1_305' title='bbox 1198 1573 1339 1606; x_wconf 85' lang='lat' dir='ltr'>aliunde</span> <span class='ocrx_word' id='word_1_306' title='bbox 1366 1573 1492 1606; x_wconf 90' lang='lat' dir='ltr'>auxilio</span> <span class='ocrx_word' id='word_1_307' title='bbox 1524 1574 1743 1613; x_wconf 88' lang='lat' dir='ltr'>adventante,</span> <span class='ocrx_word' id='word_1_308' title='bbox 1766 1575 1938 1606; x_wconf 88' lang='lat' dir='ltr'>incassum</span> <span class='ocrx_word' id='word_1_309' title='bbox 1969 1573 2163 1607; x_wconf 85' lang='lat' dir='ltr'>dimicatur.</span> 
     </span>
     <span class='ocr_line' id='line_1_26' title="bbox 327 1625 2258 1670; baseline 0.001 -11"><span class='ocrx_word' id='word_1_310' title='bbox 327 1627 416 1659; x_wconf 86' lang='lat' dir='ltr'>Nam</span> <span class='ocrx_word' id='word_1_311' title='bbox 438 1625 579 1658; x_wconf 87' lang='lat' dir='ltr'>tandem</span> <span class='ocrx_word' id='word_1_312' title='bbox 604 1625 792 1665; x_wconf 77' lang='lat' dir='ltr'>confossus,</span> <span class='ocrx_word' id='word_1_313' title='bbox 817 1625 996 1665; x_wconf 88' lang='lat' dir='ltr'>occubuit;</span> <span class='ocrx_word' id='word_1_314' title='bbox 1020 1626 1198 1670; x_wconf 87' lang='lat' dir='ltr'>nullusque</span> <span class='ocrx_word' id='word_1_315' title='bbox 1231 1637 1272 1659; x_wconf 86' lang='lat' dir='ltr'>ex</span> <span class='ocrx_word' id='word_1_316' title='bbox 1305 1627 1473 1665; x_wconf 89' lang='lat' dir='ltr'>omnibus,</span> <span class='ocrx_word' id='word_1_317' title='bbox 1504 1626 1562 1670; x_wconf 94' lang='lat' dir='ltr'>qui</span> <span class='ocrx_word' id='word_1_318' title='bbox 1593 1637 1672 1660; x_wconf 90' lang='lat' dir='ltr'>cum</span> <span class='ocrx_word' id='word_1_319' title='bbox 1701 1627 1776 1670; x_wconf 87' lang='lat' dir='ltr'>ipso</span> <span class='ocrx_word' id='word_1_320' title='bbox 1809 1632 1908 1660; x_wconf 88' lang='lat' dir='ltr'>erant</span> <span class='ocrx_word' id='word_1_321' title='bbox 1942 1645 1976 1651; x_wconf 90' lang='lat'>—</span> <span class='ocrx_word' id='word_1_322' title='bbox 2009 1627 2167 1670; x_wconf 85' lang='lat' dir='ltr'>exceptis</span> <span class='ocrx_word' id='word_1_323' title='bbox 2187 1626 2230 1660; x_wconf 81' lang='lat'>25</span> <span class='ocrx_word' id='word_1_324' title='bbox 2257 1646 2258 1649; x_wconf 65' lang='lat'><em>=</em></span> 
     </span>
     <span class='ocr_line' id='line_1_27' title="bbox 329 1679 2164 1723; baseline 0.001 -11"><span class='ocrx_word' id='word_1_325' title='bbox 329 1679 472 1717; x_wconf 90' lang='lat' dir='ltr'>duobus,</span> <span class='ocrx_word' id='word_1_326' title='bbox 495 1679 553 1723; x_wconf 93' lang='lat' dir='ltr'>qui</span> <span class='ocrx_word' id='word_1_327' title='bbox 575 1679 667 1711; x_wconf 91' lang='lat' dir='ltr'>inter</span> <span class='ocrx_word' id='word_1_328' title='bbox 690 1679 861 1712; x_wconf 86' lang='lat' dir='ltr'>cadavera</span> <span class='ocrx_word' id='word_1_329' title='bbox 882 1686 1090 1713; x_wconf 89' lang='lat' dir='ltr'>mortuorum</span> <span class='ocrx_word' id='word_1_330' title='bbox 1116 1679 1333 1713; x_wconf 85' lang='lat' dir='ltr'>latitaverant</span> <span class='ocrx_word' id='word_1_331' title='bbox 1355 1698 1398 1704; x_wconf 84' lang='lat'>-</span> <span class='ocrx_word' id='word_1_332' title='bbox 1420 1681 1540 1713; x_wconf 85' lang='lat' dir='ltr'>evasit.</span> <span class='ocrx_word' id='word_1_333' title='bbox 1586 1680 1731 1714; x_wconf 90' lang='lat' dir='ltr'>Serlone</span> <span class='ocrx_word' id='word_1_334' title='bbox 1760 1681 1964 1720; x_wconf 91' lang='lat' dir='ltr'>eviscerato,</span> <span class='ocrx_word' id='word_1_335' title='bbox 1995 1680 2164 1715; x_wconf 81' lang='lat' dir='ltr'>Saraceni</span> 
     </span>
     <span class='ocr_line' id='line_1_28' title="bbox 330 1732 2165 1777; baseline 0.002 -12"><span class='ocrx_word' id='word_1_336' title='bbox 330 1742 393 1765; x_wconf 93' lang='lat' dir='ltr'>cor</span> <span class='ocrx_word' id='word_1_337' title='bbox 415 1737 659 1770; x_wconf 83' lang='lat' dir='ltr'>extraxerunt;</span> <span class='ocrx_word' id='word_1_338' title='bbox 682 1737 789 1775; x_wconf 88' lang='lat' dir='ltr'>utque</span> <span class='ocrx_word' id='word_1_339' title='bbox 813 1732 993 1765; x_wconf 86' lang='lat' dir='ltr'>audaciam</span> <span class='ocrx_word' id='word_1_340' title='bbox 1016 1733 1098 1771; x_wconf 91' lang='lat' dir='ltr'>eius,</span> <span class='ocrx_word' id='word_1_341' title='bbox 1123 1744 1211 1776; x_wconf 84' lang='lat' dir='ltr'>quae</span> <span class='ocrx_word' id='word_1_342' title='bbox 1235 1734 1342 1766; x_wconf 86' lang='lat' dir='ltr'>multa</span> <span class='ocrx_word' id='word_1_343' title='bbox 1365 1734 1488 1773; x_wconf 80' lang='lat' dir='ltr'>fuerat,</span> <span class='ocrx_word' id='word_1_344' title='bbox 1513 1734 1748 1777; x_wconf 86' lang='lat' dir='ltr'>conciperent,</span> <span class='ocrx_word' id='word_1_345' title='bbox 1772 1733 1965 1767; x_wconf 90' lang='lat' dir='ltr'>comedisse</span> <span class='ocrx_word' id='word_1_346' title='bbox 1992 1734 2165 1768; x_wconf 84' lang='lat' dir='ltr'>dicuntur.</span> 
     </span>
     <span class='ocr_line' id='line_1_29' title="bbox 331 1785 2166 1830; baseline 0.002 -14"><span class='ocrx_word' id='word_1_347' title='bbox 331 1785 454 1828; x_wconf 86' lang='lat' dir='ltr'>Capita</span> <span class='ocrx_word' id='word_1_348' title='bbox 476 1795 559 1817; x_wconf 91' lang='lat' dir='ltr'>vero</span> <span class='ocrx_word' id='word_1_349' title='bbox 583 1785 775 1817; x_wconf 90' lang='lat' dir='ltr'>occisorum</span> <span class='ocrx_word' id='word_1_350' title='bbox 797 1785 948 1818; x_wconf 86' lang='lat' dir='ltr'>abscissa</span> <span class='ocrx_word' id='word_1_351' title='bbox 971 1786 1005 1818; x_wconf 91' lang='lat' dir='ltr'>in</span> <span class='ocrx_word' id='word_1_352' title='bbox 1029 1785 1188 1819; x_wconf 81' lang='lat' dir='ltr'>Africam</span> <span class='ocrx_word' id='word_1_353' title='bbox 1210 1787 1285 1830; x_wconf 89' lang='lat' dir='ltr'>regi</span> <span class='ocrx_word' id='word_1_354' title='bbox 1309 1787 1354 1820; x_wconf 87' lang='lat' dir='ltr'>ad</span> <span class='ocrx_word' id='word_1_355' title='bbox 1376 1788 1556 1826; x_wconf 90' lang='lat' dir='ltr'>honorem,</span> <span class='ocrx_word' id='word_1_356' title='bbox 1587 1788 1741 1825; x_wconf 83' lang='lat' dir='ltr'>mittunt3</span> <span class='ocrx_word' id='word_1_357' title='bbox 1772 1788 1835 1820; x_wconf 90' lang='lat' dir='ltr'>sed</span> <span class='ocrx_word' id='word_1_358' title='bbox 1865 1793 1971 1830; x_wconf 85' lang='lat' dir='ltr'>caput</span> <span class='ocrx_word' id='word_1_359' title='bbox 2000 1786 2166 1826; x_wconf 82' lang='lat' dir='ltr'>Serlonis,</span> 
     </span>
     <span class='ocr_line' id='line_1_30' title="bbox 328 1837 2165 1884; baseline 0.002 -14"><span class='ocrx_word' id='word_1_360' title='bbox 328 1838 434 1881; x_wconf 79' lang='lat' dir='ltr'>stipiti</span> <span class='ocrx_word' id='word_1_361' title='bbox 455 1837 661 1880; x_wconf 87' lang='lat' dir='ltr'>impositum,</span> <span class='ocrx_word' id='word_1_362' title='bbox 684 1849 749 1880; x_wconf 89' lang='lat' dir='ltr'>per</span> <span class='ocrx_word' id='word_1_363' title='bbox 771 1838 902 1880; x_wconf 89' lang='lat' dir='ltr'>plateas</span> <span class='ocrx_word' id='word_1_364' title='bbox 923 1838 1016 1871; x_wconf 91' lang='lat' dir='ltr'>urbis</span> <span class='ocrx_word' id='word_1_365' title='bbox 1039 1839 1200 1877; x_wconf 91' lang='lat' dir='ltr'>delatum,</span> <span class='ocrx_word' id='word_1_366' title='bbox 1223 1851 1243 1872; x_wconf 88' lang='lat' dir='ltr'>a</span> <span class='ocrx_word' id='word_1_367' title='bbox 1266 1840 1435 1873; x_wconf 88' lang='lat' dir='ltr'>clamante</span> <span class='ocrx_word' id='word_1_368' title='bbox 1459 1847 1511 1874; x_wconf 88' lang='lat' dir='ltr'>est</span> <span class='ocrx_word' id='word_1_369' title='bbox 1532 1841 1812 1884; x_wconf 86' lang='lat' dir='ltr'>praeconizatum</span> <span class='ocrx_word' id='word_1_370' title='bbox 1835 1840 1910 1873; x_wconf 90' lang='lat' dir='ltr'>eius</span> <span class='ocrx_word' id='word_1_371' title='bbox 1932 1851 2018 1880; x_wconf 86' lang='lat' dir='ltr'>esse,</span> <span class='ocrx_word' id='word_1_372' title='bbox 2041 1851 2063 1873; x_wconf 86' lang='lat' dir='ltr'>a</span> <span class='ocrx_word' id='word_1_373' title='bbox 2085 1851 2165 1884; x_wconf 86' lang='lat' dir='ltr'>quo,</span> 
     </span>
     <span class='ocr_line' id='line_1_31' title="bbox 331 1890 2298 1943; baseline 0.002 -19"><span class='ocrx_word' id='word_1_374' title='bbox 331 1901 415 1933; x_wconf 85' lang='lat' dir='ltr'>prae</span> <span class='ocrx_word' id='word_1_375' title='bbox 439 1892 597 1930; x_wconf 84' lang='lat' dir='ltr'>caeteris,</span> <span class='ocrx_word' id='word_1_376' title='bbox 619 1890 740 1924; x_wconf 92' lang='lat' dir='ltr'>Sicilia</span> <span class='ocrx_word' id='word_1_377' title='bbox 765 1891 1048 1935; x_wconf 70' lang='lat' dir='ltr'>impugnabatur-3</span> <span class='ocrx_word' id='word_1_378' title='bbox 1071 1893 1186 1925; x_wconf 88' lang='lat' dir='ltr'>hostes</span> <span class='ocrx_word' id='word_1_379' title='bbox 1209 1893 1380 1936; x_wconf 90' lang='lat' dir='ltr'>devictos;</span> <span class='ocrx_word' id='word_1_380' title='bbox 1406 1893 1501 1927; x_wconf 92' lang='lat' dir='ltr'>nullo</span> <span class='ocrx_word' id='word_1_381' title='bbox 1524 1893 1624 1926; x_wconf 89' lang='lat' dir='ltr'>simili</span> <span class='ocrx_word' id='word_1_382' title='bbox 1646 1894 1841 1936; x_wconf 87' lang='lat' dir='ltr'>superstite,</span> <span class='ocrx_word' id='word_1_383' title='bbox 1857 1893 2014 1928; x_wconf 90' lang='lat' dir='ltr'>Siciliam</span> <span class='ocrx_word' id='word_1_384' title='bbox 2036 1894 2164 1928; x_wconf 85' lang='lat' dir='ltr'>amodo</span> <span class='ocrx_word' id='word_1_385' title='bbox 2187 1894 2231 1927; x_wconf 85' lang='grc'>30</span> <span class='ocrx_word' id='word_1_386' title='bbox 2257 1927 2262 1931; x_wconf 75' lang='grc'>,</span> <span class='ocrx_word' id='word_1_387' title='bbox 2295 1928 2298 1943; x_wconf 38' lang='lat'><em>2</em></span> 
     </span>
     <span class='ocr_line' id='line_1_32' title="bbox 331 1943 2058 1978; baseline 0.001 -2"><span class='ocrx_word' id='word_1_388' title='bbox 331 1955 412 1977; x_wconf 88' lang='lat' dir='ltr'>suae</span> <span class='ocrx_word' id='word_1_389' title='bbox 435 1944 518 1977; x_wconf 86' lang='lat' dir='ltr'>sorti</span> <span class='ocrx_word' id='word_1_390' title='bbox 541 1943 645 1976; x_wconf 83' lang='lat' dir='ltr'>facile</span> <span class='ocrx_word' id='word_1_391' title='bbox 669 1954 851 1977; x_wconf 89' lang='lat' dir='ltr'>cessuram.</span> <span class='ocrx_word' id='word_1_392' title='bbox 2055 1976 2058 1978; x_wconf 90' lang='lat'>.</span> 
     </span>
     <span class='ocr_line' id='line_1_33' title="bbox 405 1996 2166 2042; baseline 0.002 -13"><span class='ocrx_word' id='word_1_393' title='bbox 405 1996 502 2035; x_wconf 87' lang='lat' dir='ltr'>&#39;Sed,</span> <span class='ocrx_word' id='word_1_394' title='bbox 525 2007 603 2029; x_wconf 93' lang='lat' dir='ltr'>cum</span> <span class='ocrx_word' id='word_1_395' title='bbox 626 1996 691 2029; x_wconf 85' lang='lat' dir='ltr'>ista</span> <span class='ocrx_word' id='word_1_396' title='bbox 713 1997 806 2039; x_wconf 88' lang='lat' dir='ltr'>apud</span> <span class='ocrx_word' id='word_1_397' title='bbox 821 1997 1027 2030; x_wconf 86' lang='lat' dir='ltr'>Panormum</span> <span class='ocrx_word' id='word_1_398' title='bbox 1042 1999 1256 2042; x_wconf 89' lang='lat' dir='ltr'>principibus</span> <span class='ocrx_word' id='word_1_399' title='bbox 1272 2001 1397 2033; x_wconf 88' lang='lat' dir='ltr'>nostris</span> <span class='ocrx_word' id='word_1_400' title='bbox 1412 2001 1623 2039; x_wconf 89' lang='lat' dir='ltr'>nuntiantur,</span> <span class='ocrx_word' id='word_1_401' title='bbox 1640 2000 1808 2034; x_wconf 86' lang='lat' dir='ltr'>exercitus</span> <span class='ocrx_word' id='word_1_402' title='bbox 1822 2006 1916 2033; x_wconf 84' lang='lat' dir='ltr'>totus</span> <span class='ocrx_word' id='word_1_403' title='bbox 1931 1999 2166 2034; x_wconf 85' lang='lat' dir='ltr'>conturbatur.</span> 
     </span>
     <span class='ocr_line' id='line_1_34' title="bbox 329 2050 2167 2098; baseline 0.002 -15"><span class='ocrx_word' id='word_1_404' title='bbox 329 2050 464 2089; x_wconf 88' lang='lat' dir='ltr'>Comes,</span> <span class='ocrx_word' id='word_1_405' title='bbox 488 2050 668 2083; x_wconf 88' lang='lat' dir='ltr'>amissione</span> <span class='ocrx_word' id='word_1_406' title='bbox 690 2050 838 2092; x_wconf 86' lang='lat' dir='ltr'>nepotis,</span> <span class='ocrx_word' id='word_1_407' title='bbox 861 2051 1070 2084; x_wconf 86' lang='lat' dir='ltr'>intolerabili</span> <span class='ocrx_word' id='word_1_408' title='bbox 1093 2053 1212 2085; x_wconf 86' lang='lat' dir='ltr'>dolore</span> <span class='ocrx_word' id='word_1_409' title='bbox 1236 2055 1446 2098; x_wconf 81' lang='lat' dir='ltr'>angebatur3</span> <span class='ocrx_word' id='word_1_410' title='bbox 1471 2055 1540 2087; x_wconf 88' lang='lat' dir='ltr'>dux</span> <span class='ocrx_word' id='word_1_411' title='bbox 1563 2064 1658 2093; x_wconf 86' lang='lat' dir='ltr'>vero,</span> <span class='ocrx_word' id='word_1_412' title='bbox 1681 2066 1702 2087; x_wconf 89' lang='lat' dir='ltr'>a</span> <span class='ocrx_word' id='word_1_413' title='bbox 1726 2054 1884 2087; x_wconf 89' lang='lat' dir='ltr'>lamentis</span> <span class='ocrx_word' id='word_1_414' title='bbox 1909 2054 2054 2087; x_wconf 80' lang='lat' dir='ltr'>fratrem</span> <span class='ocrx_word' id='word_1_415' title='bbox 2071 2064 2167 2087; x_wconf 78' lang='lat' dir='ltr'>suum</span> 
     </span>
     <span class='ocr_line' id='line_1_35' title="bbox 329 2102 2261 2150; baseline 0.004 -14"><span class='ocrx_word' id='word_1_416' title='bbox 329 2107 492 2136; x_wconf 68' lang='lat' dir='ltr'>cocrcere</span> <span class='ocrx_word' id='word_1_417' title='bbox 507 2102 636 2141; x_wconf 87' lang='lat' dir='ltr'>volens,</span> <span class='ocrx_word' id='word_1_418' title='bbox 652 2103 807 2136; x_wconf 90' lang='lat' dir='ltr'>dolorem</span> <span class='ocrx_word' id='word_1_419' title='bbox 823 2114 919 2136; x_wconf 86' lang='lat' dir='ltr'>suum</span> <span class='ocrx_word' id='word_1_420' title='bbox 934 2105 1025 2137; x_wconf 88' lang='lat' dir='ltr'>virili</span> <span class='ocrx_word' id='word_1_421' title='bbox 1040 2115 1135 2138; x_wconf 92' lang='lat' dir='ltr'>more</span> <span class='ocrx_word' id='word_1_422' title='bbox 1152 2107 1328 2139; x_wconf 91' lang='lat' dir='ltr'>occultare</span> <span class='ocrx_word' id='word_1_423' title='bbox 1345 2107 1534 2140; x_wconf 90' lang='lat' dir='ltr'>nitebatur:</span> <span class='ocrx_word' id='word_1_424' title='bbox 1557 2109 1572 2125; x_wconf 76' lang='lat'>‘⁴</span> <span class='ocrx_word' id='word_1_425' title='bbox 1585 2107 1760 2141; x_wconf 91' lang='lat' dir='ltr'>Foeminis</span> <span class='ocrx_word' id='word_1_426' title='bbox 1775 2126 1817 2131; x_wconf 97' lang='lat'>—</span> <span class='ocrx_word' id='word_1_427' title='bbox 1833 2107 1943 2150; x_wconf 91' lang='lat' dir='ltr'>inquit</span> <span class='ocrx_word' id='word_1_428' title='bbox 1958 2126 2000 2131; x_wconf 92' lang='lat'><em>-</em></span> <span class='ocrx_word' id='word_1_429' title='bbox 2016 2107 2167 2141; x_wconf 80' lang='lat' dir='ltr'>lamenta</span> <span class='ocrx_word' id='word_1_430' title='bbox 2250 2139 2261 2150; x_wconf 66' lang='lat'><em>„</em></span> 
     </span>
     <span class='ocr_line' id='line_1_36' title="bbox 335 2156 2275 2204; baseline 0.004 -15"><span class='ocrx_word' id='word_1_431' title='bbox 335 2156 624 2198; x_wconf 84' lang='lat' dir='ltr'>“permittantur;</span> <span class='ocrx_word' id='word_1_432' title='bbox 648 2164 711 2188; x_wconf 88' lang='lat' dir='ltr'>nos</span> <span class='ocrx_word' id='word_1_433' title='bbox 734 2161 848 2188; x_wconf 90' lang='lat' dir='ltr'>autem</span> <span class='ocrx_word' id='word_1_434' title='bbox 871 2156 906 2188; x_wconf 90' lang='lat' dir='ltr'>in</span> <span class='ocrx_word' id='word_1_435' title='bbox 928 2156 1116 2190; x_wconf 90' lang='lat' dir='ltr'>vindictam</span> <span class='ocrx_word' id='word_1_436' title='bbox 1142 2159 1242 2191; x_wconf 87' lang='lat' dir='ltr'>armis</span> <span class='ocrx_word' id='word_1_437' title='bbox 1265 2160 1486 2204; x_wconf 88' lang='lat' dir='ltr'>accingamur</span> <span class='ocrx_word' id='word_1_438' title='bbox 1500 2185 1529 2200; x_wconf 88' lang='lat'>„.</span> <span class='ocrx_word' id='word_1_439' title='bbox 2189 2158 2231 2194; x_wconf 80' lang='grc'>35</span> <span class='ocrx_word' id='word_1_440' title='bbox 2256 2169 2275 2198; x_wconf 61' lang='lat'>3.-</span> 
     </span>
     <span class='ocr_line' id='line_1_37' title="bbox 419 2209 2167 2258; baseline 0.003 -17"><span class='ocrx_word' id='word_1_441' title='bbox 419 2209 539 2253; x_wconf 86' lang='lat' dir='ltr'>Igitur,</span> <span class='ocrx_word' id='word_1_442' title='bbox 563 2209 644 2252; x_wconf 88' lang='lat' dir='ltr'>quia</span> <span class='ocrx_word' id='word_1_443' title='bbox 665 2209 856 2252; x_wconf 80' lang='lat' dir='ltr'>sejunctim,</span> <span class='ocrx_word' id='word_1_444' title='bbox 878 2210 924 2242; x_wconf 88' lang='lat' dir='ltr'>ad</span> <span class='ocrx_word' id='word_1_445' title='bbox 947 2210 1109 2251; x_wconf 88' lang='lat' dir='ltr'>invicem,</span> <span class='ocrx_word' id='word_1_446' title='bbox 1132 2212 1268 2256; x_wconf 91' lang='lat' dir='ltr'>utrique</span> <span class='ocrx_word' id='word_1_447' title='bbox 1292 2214 1419 2246; x_wconf 76' lang='lat' dir='ltr'>fratres</span> <span class='ocrx_word' id='word_1_448' title='bbox 1444 2236 1482 2240; x_wconf 97' lang='lat'><strong>—</strong></span> <span class='ocrx_word' id='word_1_449' title='bbox 1508 2214 1653 2258; x_wconf 91' lang='lat' dir='ltr'>quisque</span> <span class='ocrx_word' id='word_1_450' title='bbox 1677 2214 1746 2247; x_wconf 89' lang='lat' dir='ltr'>suis</span> <span class='ocrx_word' id='word_1_451' title='bbox 1762 2213 1966 2247; x_wconf 86' lang='lat' dir='ltr'>utilitatibus</span> <span class='ocrx_word' id='word_1_452' title='bbox 1983 2233 2022 2238; x_wconf 97' lang='lat'><strong>—</strong></span> <span class='ocrx_word' id='word_1_453' title='bbox 2038 2213 2167 2247; x_wconf 82' lang='lat' dir='ltr'>lucrari</span> 
     </span>
     <span class='ocr_line' id='line_1_38' title="bbox 330 2262 2167 2310; baseline 0.003 -16"><span class='ocrx_word' id='word_1_454' title='bbox 330 2263 525 2302; x_wconf 85' lang='lat' dir='ltr'>studebant,</span> <span class='ocrx_word' id='word_1_455' title='bbox 541 2267 687 2304; x_wconf 87' lang='lat' dir='ltr'>excepto</span> <span class='ocrx_word' id='word_1_456' title='bbox 703 2262 807 2305; x_wconf 86' lang='lat' dir='ltr'>quod,</span> <span class='ocrx_word' id='word_1_457' title='bbox 824 2273 900 2295; x_wconf 87' lang='lat' dir='ltr'>cum</span> <span class='ocrx_word' id='word_1_458' title='bbox 918 2264 1104 2297; x_wconf 87' lang='lat' dir='ltr'>necessitas</span> <span class='ocrx_word' id='word_1_459' title='bbox 1120 2265 1342 2304; x_wconf 86' lang='lat' dir='ltr'>incumberet,</span> <span class='ocrx_word' id='word_1_460' title='bbox 1366 2267 1453 2300; x_wconf 85' lang='lat' dir='ltr'>alter</span> <span class='ocrx_word' id='word_1_461' title='bbox 1469 2267 1513 2300; x_wconf 87' lang='lat' dir='ltr'>ab</span> <span class='ocrx_word' id='word_1_462' title='bbox 1529 2267 1639 2300; x_wconf 84' lang='lat' dir='ltr'>altero</span> <span class='ocrx_word' id='word_1_463' title='bbox 1661 2268 1834 2310; x_wconf 86' lang='lat' dir='ltr'>invitatus,</span> <span class='ocrx_word' id='word_1_464' title='bbox 1858 2267 2010 2300; x_wconf 87' lang='lat' dir='ltr'>vicissim</span> <span class='ocrx_word' id='word_1_465' title='bbox 2031 2267 2099 2300; x_wconf 85' lang='lat' dir='ltr'>sibi</span> <span class='ocrx_word' id='word_1_466' title='bbox 2120 2267 2167 2300; x_wconf 90' lang='lat' dir='ltr'>ad</span> 
     </span>
     <span class='ocr_line' id='line_1_39' title="bbox 330 2314 2166 2364; baseline 0.004 -18"><span class='ocrx_word' id='word_1_467' title='bbox 330 2315 477 2348; x_wconf 88' lang='lat' dir='ltr'>invicem</span> <span class='ocrx_word' id='word_1_468' title='bbox 492 2314 760 2348; x_wconf 88' lang='lat' dir='ltr'>succurrendum</span> <span class='ocrx_word' id='word_1_469' title='bbox 776 2315 944 2355; x_wconf 86' lang='lat' dir='ltr'>venirent,</span> <span class='ocrx_word' id='word_1_470' title='bbox 961 2316 1042 2349; x_wconf 90' lang='lat' dir='ltr'>huic</span> <span class='ocrx_word' id='word_1_471' title='bbox 1059 2317 1160 2356; x_wconf 90' lang='lat' dir='ltr'>libro,</span> <span class='ocrx_word' id='word_1_472' title='bbox 1177 2319 1278 2351; x_wconf 86' lang='lat' dir='ltr'>aliurn</span> <span class='ocrx_word' id='word_1_473' title='bbox 1295 2319 1501 2363; x_wconf 87' lang='lat' dir='ltr'>incoepturi,</span> <span class='ocrx_word' id='word_1_474' title='bbox 1517 2321 1618 2353; x_wconf 87' lang='lat' dir='ltr'>finem</span> <span class='ocrx_word' id='word_1_475' title='bbox 1634 2330 1813 2363; x_wconf 87' lang='lat' dir='ltr'>ponamus,</span> <span class='ocrx_word' id='word_1_476' title='bbox 1836 2326 1873 2353; x_wconf 92' lang='lat' dir='ltr'>ut</span> <span class='ocrx_word' id='word_1_477' title='bbox 1895 2320 1932 2353; x_wconf 92' lang='lat' dir='ltr'>in</span> <span class='ocrx_word' id='word_1_478' title='bbox 1946 2320 2105 2364; x_wconf 89' lang='lat' dir='ltr'>sequenti</span> <span class='ocrx_word' id='word_1_479' title='bbox 2122 2320 2166 2354; x_wconf 86' lang='lat' dir='ltr'>de</span> 
     </span>
     <span class='ocr_line' id='line_1_40' title="bbox 329 2367 2166 2417; baseline 0.003 -16"><span class='ocrx_word' id='word_1_480' title='bbox 329 2377 550 2411; x_wconf 88' lang='lat' dir='ltr'>unoquoque,</span> <span class='ocrx_word' id='word_1_481' title='bbox 564 2378 656 2400; x_wconf 89' lang='lat' dir='ltr'>nunc</span> <span class='ocrx_word' id='word_1_482' title='bbox 674 2367 865 2411; x_wconf 85' lang='lat' dir='ltr'>sejunctim,</span> <span class='ocrx_word' id='word_1_483' title='bbox 878 2369 1000 2402; x_wconf 89' lang='lat' dir='ltr'>iterum</span> <span class='ocrx_word' id='word_1_484' title='bbox 1017 2371 1237 2414; x_wconf 85' lang='lat' dir='ltr'>conjunctim,</span> <span class='ocrx_word' id='word_1_485' title='bbox 1254 2379 1356 2415; x_wconf 91' lang='lat' dir='ltr'>prout</span> <span class='ocrx_word' id='word_1_486' title='bbox 1367 2373 1442 2416; x_wconf 87' lang='lat' dir='ltr'>ipsa</span> <span class='ocrx_word' id='word_1_487' title='bbox 1458 2385 1511 2406; x_wconf 87' lang='lat' dir='ltr'>res</span> <span class='ocrx_word' id='word_1_488' title='bbox 1526 2374 1803 2417; x_wconf 87' lang='lat' dir='ltr'>expostulaverit,</span> <span class='ocrx_word' id='word_1_489' title='bbox 1819 2373 1933 2407; x_wconf 90' lang='lat' dir='ltr'>stilum</span> <span class='ocrx_word' id='word_1_490' title='bbox 1949 2374 2166 2407; x_wconf 81' lang='lat' dir='ltr'>alternemus.</span> 
     </span>
    </p>
   </div>
   <div class='ocr_carea' id='block_1_3' title="bbox 2202 566 2221 598">
    <p class='ocr_par' dir='ltr' id='par_1_3' title="bbox 2202 566 2221 598">
     <span class='ocr_line' id='line_1_41' title="bbox 2202 566 2221 598; textangle 90"><span class='ocrx_word' id='word_1_491' title='bbox 2202 566 2221 598; x_wconf 80' lang='grc' dir='ltr'>υι</span> 
     </span>
    </p>
   </div>
   <div class='ocr_carea' id='block_1_4' title="bbox 1031 2441 2232 2479">
    <p class='ocr_par' dir='ltr' id='par_1_4' title="bbox 1031 2429 2270 2479">
     <span class='ocr_line' id='line_1_42' title="bbox 1031 2441 2232 2479; baseline 0.004 -6"><span class='ocrx_word' id='word_1_492' title='bbox 1031 2441 1188 2475; x_wconf 67' lang='lat' dir='ltr'>Saeuum</span> <span class='ocrx_word' id='word_1_493' title='bbox 1214 2443 1323 2476; x_wconf 77' lang='lat' dir='ltr'>eru</span> <span class='ocrx_word' id='word_1_494' title='bbox 1347 2443 1460 2478; x_wconf 79' lang='lat' dir='ltr'>F1ms.</span> <span class='ocrx_word' id='word_1_495' title='bbox 2189 2445 2232 2479; x_wconf 84' lang='lat'>40</span> 
     </span>
    </p>
   </div>
   <div class='ocr_carea' id='block_1_5' title="bbox 289 2533 2167 2782">
    <p class='ocr_par' dir='ltr' id='par_1_5' title="bbox 421 2533 2166 2573">
     <span class='ocr_line' id='line_1_43' title="bbox 421 2533 2166 2573; baseline 0.004 -16"><span class='ocrx_word' id='word_1_496' title='bbox 421 2539 443 2558; x_wconf 88' lang='lat'>1.</span> <span class='ocrx_word' id='word_1_497' title='bbox 461 2533 656 2566; x_wconf 80' lang='lat' dir='ltr'>probatlssimi</span> <span class='ocrx_word' id='word_1_498' title='bbox 674 2535 755 2558; x_wconf 85' lang='lat' dir='ltr'>erant</span> <span class='ocrx_word' id='word_1_499' title='bbox 774 2534 801 2558; x_wconf 88' lang='lat' dir='ltr'><em>B</em></span> <span class='ocrx_word' id='word_1_500' title='bbox 811 2534 840 2558; x_wconf 93' lang='lat' dir='ltr'><em>D</em></span> <span class='ocrx_word' id='word_1_501' title='bbox 858 2547 890 2551; x_wconf 85' lang='lat'>—</span> <span class='ocrx_word' id='word_1_502' title='bbox 909 2541 964 2567; x_wconf 83' lang='lat'>3-4.</span> <span class='ocrx_word' id='word_1_503' title='bbox 984 2535 1098 2568; x_wconf 75' lang='lat' dir='ltr'>iugique</span> <span class='ocrx_word' id='word_1_504' title='bbox 1111 2553 1119 2561; x_wconf 89' lang='lat'>.</span> <span class='ocrx_word' id='word_1_505' title='bbox 1129 2553 1136 2561; x_wconf 91' lang='lat'>.</span> <span class='ocrx_word' id='word_1_506' title='bbox 1147 2553 1171 2562; x_wconf 86' lang='lat'>..</span> <span class='ocrx_word' id='word_1_507' title='bbox 1192 2537 1355 2563; x_wconf 86' lang='lat' dir='ltr'>nitebantur</span> <span class='ocrx_word' id='word_1_508' title='bbox 1373 2546 1422 2563; x_wconf 86' lang='lat' dir='ltr'>om.</span> <span class='ocrx_word' id='word_1_509' title='bbox 1445 2541 1472 2564; x_wconf 88' lang='grc' dir='ltr'><em>Β</em></span> <span class='ocrx_word' id='word_1_510' title='bbox 1481 2541 1511 2564; x_wconf 90' lang='lat' dir='ltr'><em>D</em></span> <span class='ocrx_word' id='word_1_511' title='bbox 1525 2553 1557 2558; x_wconf 80' lang='lat'><em>—</em></span> <span class='ocrx_word' id='word_1_512' title='bbox 1571 2548 1595 2572; x_wconf 86' lang='lat'>4.</span> <span class='ocrx_word' id='word_1_513' title='bbox 1609 2540 1725 2572; x_wconf 78' lang='lat' dir='ltr'>quidam</span> <span class='ocrx_word' id='word_1_514' title='bbox 1738 2547 1787 2564; x_wconf 83' lang='lat' dir='ltr'>om.</span> <span class='ocrx_word' id='word_1_515' title='bbox 1802 2540 1830 2564; x_wconf 85' lang='lat'>1²</span> <span class='ocrx_word' id='word_1_516' title='bbox 1841 2552 1849 2557; x_wconf 93' lang='lat'><em>—</em></span> <span class='ocrx_word' id='word_1_517' title='bbox 1862 2537 2020 2573; x_wconf 83' lang='lat' dir='ltr'>Brachiem]</span> <span class='ocrx_word' id='word_1_518' title='bbox 2033 2539 2166 2564; x_wconf 84' lang='lat' dir='ltr'>Brachem</span> 
     </span>
    </p>

    <p class='ocr_par' dir='ltr' id='par_1_6' title="bbox 331 2574 2167 2699">
     <span class='ocr_line' id='line_1_44' title="bbox 331 2574 2167 2614; baseline 0.004 -16"><span class='ocrx_word' id='word_1_519' title='bbox 331 2575 359 2599; x_wconf 88' lang='lat' dir='ltr'><em>P</em></span> <span class='ocrx_word' id='word_1_520' title='bbox 373 2575 423 2606; x_wconf 75' lang='lat' dir='ltr'>qui</span> <span class='ocrx_word' id='word_1_521' title='bbox 438 2582 452 2598; x_wconf 76' lang='lat' dir='ltr'>e</span> <span class='ocrx_word' id='word_1_522' title='bbox 467 2574 518 2606; x_wconf 60' lang='lat' dir='ltr'>gir)</span> <span class='ocrx_word' id='word_1_523' title='bbox 535 2587 568 2594; x_wconf 90' lang='lat'>—-</span> <span class='ocrx_word' id='word_1_524' title='bbox 586 2574 612 2600; x_wconf 88' lang='grc'>6.</span> <span class='ocrx_word' id='word_1_525' title='bbox 631 2575 738 2600; x_wconf 75' lang='lat' dir='ltr'>factum</span> <span class='ocrx_word' id='word_1_526' title='bbox 756 2583 806 2602; x_wconf 83' lang='lat' dir='ltr'>om.</span> <span class='ocrx_word' id='word_1_527' title='bbox 824 2576 886 2600; x_wconf 87' lang='lat' dir='ltr'>BD</span> <span class='ocrx_word' id='word_1_528' title='bbox 904 2589 913 2594; x_wconf 97' lang='lat'><em>-</em></span> <span class='ocrx_word' id='word_1_529' title='bbox 932 2577 1087 2610; x_wconf 76' lang='lat' dir='ltr'>suscipiens</span> <span class='ocrx_word' id='word_1_530' title='bbox 1106 2579 1134 2603; x_wconf 89' lang='lat' dir='ltr'><em>B</em></span> <span class='ocrx_word' id='word_1_531' title='bbox 1153 2592 1161 2596; x_wconf 92' lang='lat'><em>-</em></span> <span class='ocrx_word' id='word_1_532' title='bbox 1176 2587 1237 2604; x_wconf 90' lang='lat' dir='ltr'>cum</span> <span class='ocrx_word' id='word_1_533' title='bbox 1251 2580 1409 2605; x_wconf 81' lang='lat' dir='ltr'>traditione</span> <span class='ocrx_word' id='word_1_534' title='bbox 1423 2582 1450 2605; x_wconf 89' lang='lat' dir='ltr'><em>P</em></span> <span class='ocrx_word' id='word_1_535' title='bbox 1460 2595 1492 2599; x_wconf 75' lang='lat'>—</span> <span class='ocrx_word' id='word_1_536' title='bbox 1508 2587 1532 2613; x_wconf 95' lang='lat'>7.</span> <span class='ocrx_word' id='word_1_537' title='bbox 1545 2582 1576 2606; x_wconf 88' lang='lat' dir='ltr'>in</span> <span class='ocrx_word' id='word_1_538' title='bbox 1590 2582 1660 2606; x_wconf 90' lang='lat' dir='ltr'>dolo</span> <span class='ocrx_word' id='word_1_539' title='bbox 1672 2589 1720 2606; x_wconf 83' lang='lat' dir='ltr'>om.</span> <span class='ocrx_word' id='word_1_540' title='bbox 1735 2583 1763 2606; x_wconf 89' lang='lat' dir='ltr'><em>P</em></span> <span class='ocrx_word' id='word_1_541' title='bbox 1774 2595 1806 2599; x_wconf 97' lang='lat'><strong>—</strong></span> <span class='ocrx_word' id='word_1_542' title='bbox 1820 2589 1846 2614; x_wconf 89' lang='lat'>9.</span> <span class='ocrx_word' id='word_1_543' title='bbox 1859 2581 1894 2606; x_wconf 86' lang='lat' dir='ltr'>ad</span> <span class='ocrx_word' id='word_1_544' title='bbox 1907 2589 1956 2606; x_wconf 82' lang='lat' dir='ltr'>om.</span> <span class='ocrx_word' id='word_1_545' title='bbox 1969 2582 2030 2606; x_wconf 89' lang='lat' dir='ltr'>PC</span> <span class='ocrx_word' id='word_1_546' title='bbox 2041 2594 2052 2599; x_wconf 94' lang='lat'><em>-</em></span> <span class='ocrx_word' id='word_1_547' title='bbox 2065 2581 2167 2606; x_wconf 80' lang='lat' dir='ltr'>debent</span> 
     </span>
     <span class='ocr_line' id='line_1_45' title="bbox 331 2617 2165 2657; baseline 0.004 -17"><span class='ocrx_word' id='word_1_548' title='bbox 331 2624 380 2641; x_wconf 77' lang='lat' dir='ltr'>om.</span> <span class='ocrx_word' id='word_1_549' title='bbox 394 2617 457 2641; x_wconf 87' lang='lat' dir='ltr'>BD</span> <span class='ocrx_word' id='word_1_550' title='bbox 476 2629 508 2634; x_wconf 93' lang='lat'>—</span> <span class='ocrx_word' id='word_1_551' title='bbox 530 2623 570 2642; x_wconf 84' lang='lat'>11.</span> <span class='ocrx_word' id='word_1_552' title='bbox 589 2618 743 2642; x_wconf 86' lang='lat' dir='ltr'>terminato</span> <span class='ocrx_word' id='word_1_553' title='bbox 761 2618 822 2643; x_wconf 73' lang='grc' dir='ltr'>ΡΟ</span> <span class='ocrx_word' id='word_1_554' title='bbox 839 2631 872 2636; x_wconf 92' lang='grc'><strong>-</strong></span> <span class='ocrx_word' id='word_1_555' title='bbox 893 2625 934 2651; x_wconf 85' lang='lat'>13.</span> <span class='ocrx_word' id='word_1_556' title='bbox 952 2619 986 2643; x_wconf 90' lang='lat' dir='ltr'>de</span> <span class='ocrx_word' id='word_1_557' title='bbox 1003 2627 1052 2644; x_wconf 80' lang='lat' dir='ltr'>om.</span> <span class='ocrx_word' id='word_1_558' title='bbox 1072 2621 1099 2644; x_wconf 88' lang='lat' dir='ltr'><em>B</em></span> <span class='ocrx_word' id='word_1_559' title='bbox 1117 2633 1127 2638; x_wconf 95' lang='lat'><em>-</em></span> <span class='ocrx_word' id='word_1_560' title='bbox 1145 2621 1264 2654; x_wconf 84' lang='lat' dir='ltr'>abdltis]</span> <span class='ocrx_word' id='word_1_561' title='bbox 1282 2623 1460 2648; x_wconf 84' lang='lat' dir='ltr'>absconditis</span> <span class='ocrx_word' id='word_1_562' title='bbox 1478 2624 1543 2649; x_wconf 87' lang='lat' dir='ltr'>BD</span> <span class='ocrx_word' id='word_1_563' title='bbox 1561 2638 1594 2643; x_wconf 89' lang='lat'>-</span> <span class='ocrx_word' id='word_1_564' title='bbox 1615 2631 1656 2656; x_wconf 84' lang='lat'>14.</span> <span class='ocrx_word' id='word_1_565' title='bbox 1676 2621 1866 2657; x_wconf 82' lang='lat' dir='ltr'>indicaverat]</span> <span class='ocrx_word' id='word_1_566' title='bbox 1885 2623 2069 2648; x_wconf 78' lang='lat' dir='ltr'>mandaverat</span> <span class='ocrx_word' id='word_1_567' title='bbox 2087 2624 2116 2648; x_wconf 87' lang='lat' dir='ltr'><em>P</em></span> <span class='ocrx_word' id='word_1_568' title='bbox 2131 2637 2165 2642; x_wconf 88' lang='grc'>--</span> 
     </span>
     <span class='ocr_line' id='line_1_46' title="bbox 334 2658 2166 2699; baseline 0.004 -16"><span class='ocrx_word' id='word_1_569' title='bbox 334 2658 373 2683; x_wconf 85' lang='lat'>16.</span> <span class='ocrx_word' id='word_1_570' title='bbox 390 2659 594 2684; x_wconf 80' lang='lat' dir='ltr'>tumultuantes</span> <span class='ocrx_word' id='word_1_571' title='bbox 614 2660 689 2684; x_wconf 87' lang='lat' dir='ltr'>cives</span> <span class='ocrx_word' id='word_1_572' title='bbox 709 2659 863 2685; x_wconf 77' lang='lat' dir='ltr'>audiuntur</span> <span class='ocrx_word' id='word_1_573' title='bbox 880 2660 932 2685; x_wconf 69' lang='lat' dir='ltr'>cosi</span> <span class='ocrx_word' id='word_1_574' title='bbox 950 2662 979 2685; x_wconf 89' lang='lat' dir='ltr'><em>P</em></span> <span class='ocrx_word' id='word_1_575' title='bbox 995 2675 1026 2679; x_wconf 89' lang='lat'>—</span> <span class='ocrx_word' id='word_1_576' title='bbox 1049 2669 1088 2694; x_wconf 88' lang='lat'>19.</span> <span class='ocrx_word' id='word_1_577' title='bbox 1109 2663 1245 2695; x_wconf 85' lang='lat' dir='ltr'>adoptlvo</span> <span class='ocrx_word' id='word_1_578' title='bbox 1264 2663 1359 2698; x_wconf 83' lang='lat' dir='ltr'>fratri]</span> <span class='ocrx_word' id='word_1_579' title='bbox 1379 2665 1474 2690; x_wconf 76' lang='lat' dir='ltr'>fraudi</span> <span class='ocrx_word' id='word_1_580' title='bbox 1493 2667 1521 2690; x_wconf 89' lang='lat' dir='ltr'><em>P</em></span> <span class='ocrx_word' id='word_1_581' title='bbox 1537 2681 1569 2685; x_wconf 87' lang='lat'><strong>—</strong></span> <span class='ocrx_word' id='word_1_582' title='bbox 1590 2673 1631 2690; x_wconf 88' lang='lat'>21.</span> <span class='ocrx_word' id='word_1_583' title='bbox 1649 2667 1755 2690; x_wconf 80' lang='lat' dir='ltr'>secondo</span> <span class='ocrx_word' id='word_1_584' title='bbox 1772 2673 1836 2690; x_wconf 89' lang='lat' dir='ltr'>cum</span> <span class='ocrx_word' id='word_1_585' title='bbox 1853 2674 1902 2690; x_wconf 76' lang='lat' dir='ltr'>om.</span> <span class='ocrx_word' id='word_1_586' title='bbox 1925 2666 1950 2690; x_wconf 86' lang='lat' dir='ltr'><em>P</em></span> <span class='ocrx_word' id='word_1_587' title='bbox 1965 2679 1999 2684; x_wconf 92' lang='lat'>—</span> <span class='ocrx_word' id='word_1_588' title='bbox 2019 2672 2061 2691; x_wconf 82' lang='lat'>22.</span> <span class='ocrx_word' id='word_1_589' title='bbox 2074 2665 2166 2699; x_wconf 72' lang='lat' dir='ltr'>copus</span> 
     </span>
    </p>

    <p class='ocr_par' dir='ltr' id='par_1_7' title="bbox 289 2700 2165 2782">
     <span class='ocr_line' id='line_1_47' title="bbox 289 2700 2165 2741; baseline 0.005 -17"><span class='ocrx_word' id='word_1_590' title='bbox 289 2703 303 2730; x_wconf 84' lang='lat'>5</span> <span class='ocrx_word' id='word_1_591' title='bbox 332 2700 360 2724; x_wconf 88' lang='lat' dir='ltr'><em>P</em></span> <span class='ocrx_word' id='word_1_592' title='bbox 376 2713 385 2718; x_wconf 92' lang='lat'><em>-</em></span> <span class='ocrx_word' id='word_1_593' title='bbox 405 2707 463 2725; x_wconf 88' lang='lat' dir='ltr'>non</span> <span class='ocrx_word' id='word_1_594' title='bbox 482 2702 575 2726; x_wconf 83' lang='lat' dir='ltr'>essent</span> <span class='ocrx_word' id='word_1_595' title='bbox 593 2708 642 2727; x_wconf 75' lang='lat' dir='ltr'>om.</span> <span class='ocrx_word' id='word_1_596' title='bbox 662 2701 687 2725; x_wconf 76' lang='grc' dir='ltr'><strong><em>Ρ</em></strong></span> <span class='ocrx_word' id='word_1_597' title='bbox 704 2715 737 2720; x_wconf 91' lang='grc'>-</span> <span class='ocrx_word' id='word_1_598' title='bbox 757 2707 800 2733; x_wconf 80' lang='lat'>25.</span> <span class='ocrx_word' id='word_1_599' title='bbox 818 2700 981 2736; x_wconf 78' lang='lat' dir='ltr'>confossus]</span> <span class='ocrx_word' id='word_1_600' title='bbox 1000 2703 1133 2728; x_wconf 75' lang='lat' dir='ltr'>confusus</span> <span class='ocrx_word' id='word_1_601' title='bbox 1153 2706 1218 2730; x_wconf 89' lang='lat' dir='ltr'>BD</span> <span class='ocrx_word' id='word_1_602' title='bbox 1238 2719 1246 2723; x_wconf 97' lang='lat'><em>-</em></span> <span class='ocrx_word' id='word_1_603' title='bbox 1266 2707 1398 2732; x_wconf 82' lang='lat' dir='ltr'>occubuit</span> <span class='ocrx_word' id='word_1_604' title='bbox 1416 2715 1464 2732; x_wconf 82' lang='lat' dir='ltr'>om.</span> <span class='ocrx_word' id='word_1_605' title='bbox 1487 2709 1550 2732; x_wconf 87' lang='lat' dir='ltr'>BD</span> <span class='ocrx_word' id='word_1_606' title='bbox 1569 2723 1602 2727; x_wconf 95' lang='lat'>—-</span> <span class='ocrx_word' id='word_1_607' title='bbox 1623 2707 1663 2732; x_wconf 85' lang='lat'>26.</span> <span class='ocrx_word' id='word_1_608' title='bbox 1677 2705 1846 2741; x_wconf 83' lang='lat' dir='ltr'>eviscerato]</span> <span class='ocrx_word' id='word_1_609' title='bbox 1860 2709 2024 2732; x_wconf 83' lang='lat' dir='ltr'>exenterato</span> <span class='ocrx_word' id='word_1_610' title='bbox 2037 2708 2109 2732; x_wconf 84' lang='lat' dir='ltr'>P—</span> <span class='ocrx_word' id='word_1_611' title='bbox 2123 2713 2165 2741; x_wconf 80' lang='lat'>27.</span> 
     </span>
     <span class='ocr_line' id='line_1_48' title="bbox 331 2742 2164 2782; baseline 0.005 -16"><span class='ocrx_word' id='word_1_612' title='bbox 331 2742 489 2767; x_wconf 84' lang='lat' dir='ltr'>extrahunt.</span> <span class='ocrx_word' id='word_1_613' title='bbox 527 2743 566 2767; x_wconf 82' lang='lat' dir='ltr'>Ut</span> <span class='ocrx_word' id='word_1_614' title='bbox 584 2744 612 2768; x_wconf 89' lang='lat' dir='ltr'><em>P</em></span> <span class='ocrx_word' id='word_1_615' title='bbox 628 2756 661 2761; x_wconf 83' lang='lat'><strong>—</strong></span> <span class='ocrx_word' id='word_1_616' title='bbox 681 2742 722 2768; x_wconf 80' lang='lat'>²8.</span> <span class='ocrx_word' id='word_1_617' title='bbox 741 2743 864 2768; x_wconf 81' lang='lat' dir='ltr'>abscissa</span> <span class='ocrx_word' id='word_1_618' title='bbox 882 2752 931 2768; x_wconf 77' lang='lat' dir='ltr'>om.</span> <span class='ocrx_word' id='word_1_619' title='bbox 950 2745 1015 2769; x_wconf 80' lang='grc' dir='ltr'>ΡΙ)</span> <span class='ocrx_word' id='word_1_620' title='bbox 1034 2758 1042 2763; x_wconf 94' lang='grc'><strong>-</strong></span> <span class='ocrx_word' id='word_1_621' title='bbox 1062 2744 1120 2779; x_wconf 85' lang='lat' dir='ltr'>sed]</span> <span class='ocrx_word' id='word_1_622' title='bbox 1140 2748 1168 2771; x_wconf 85' lang='lat' dir='ltr'>et</span> <span class='ocrx_word' id='word_1_623' title='bbox 1186 2748 1215 2772; x_wconf 88' lang='lat' dir='ltr'><em>P</em></span> <span class='ocrx_word' id='word_1_624' title='bbox 1231 2761 1263 2765; x_wconf 78' lang='lat'>—</span> <span class='ocrx_word' id='word_1_625' title='bbox 1283 2754 1324 2780; x_wconf 78' lang='lat'>29.</span> <span class='ocrx_word' id='word_1_626' title='bbox 1345 2749 1485 2774; x_wconf 84' lang='lat' dir='ltr'>clamante</span> <span class='ocrx_word' id='word_1_627' title='bbox 1504 2750 1734 2782; x_wconf 86' lang='lat' dir='ltr'>praeconizatum</span> <span class='ocrx_word' id='word_1_628' title='bbox 1759 2752 1828 2780; x_wconf 86' lang='lat' dir='ltr'>erat,</span> <span class='ocrx_word' id='word_1_629' title='bbox 1852 2757 1868 2774; x_wconf 84' lang='lat' dir='ltr'>a</span> <span class='ocrx_word' id='word_1_630' title='bbox 1894 2757 1950 2782; x_wconf 90' lang='lat' dir='ltr'>quo</span> <span class='ocrx_word' id='word_1_631' title='bbox 1976 2750 2041 2775; x_wconf 85' lang='lat' dir='ltr'>BD</span> <span class='ocrx_word' id='word_1_632' title='bbox 2063 2762 2097 2768; x_wconf 94' lang='lat'>—</span> <span class='ocrx_word' id='word_1_633' title='bbox 2121 2756 2164 2782; x_wconf 83' lang='lat'>31.</span> 
     </span>
    </p>
   </div>
   <div class='ocr_carea' id='block_1_6' title="bbox 330 2783 2166 2862">
    <p class='ocr_par' dir='ltr' id='par_1_8' title="bbox 330 2783 2166 2862">
     <span class='ocr_line' id='line_1_49' title="bbox 330 2783 2166 2825; baseline 0.005 -18"><span class='ocrx_word' id='word_1_634' title='bbox 330 2783 402 2807; x_wconf 76' lang='lat' dir='ltr'>sorti</span> <span class='ocrx_word' id='word_1_635' title='bbox 421 2783 523 2808; x_wconf 83' lang='lat' dir='ltr'>amodo</span> <span class='ocrx_word' id='word_1_636' title='bbox 542 2785 635 2809; x_wconf 84' lang='lat' dir='ltr'>facere</span> <span class='ocrx_word' id='word_1_637' title='bbox 653 2785 680 2810; x_wconf 89' lang='lat' dir='ltr'><em>P</em></span> <span class='ocrx_word' id='word_1_638' title='bbox 697 2798 706 2803; x_wconf 91' lang='lat'>-</span> <span class='ocrx_word' id='word_1_639' title='bbox 728 2786 811 2810; x_wconf 80' lang='lat' dir='ltr'>facile</span> <span class='ocrx_word' id='word_1_640' title='bbox 829 2794 877 2810; x_wconf 72' lang='lat' dir='ltr'>ont.</span> <span class='ocrx_word' id='word_1_641' title='bbox 896 2787 925 2810; x_wconf 91' lang='lat' dir='ltr'><em>P</em></span> <span class='ocrx_word' id='word_1_642' title='bbox 941 2800 974 2804; x_wconf 82' lang='lat'>——</span> <span class='ocrx_word' id='word_1_643' title='bbox 994 2793 1035 2819; x_wconf 82' lang='lat'>3²-</span> <span class='ocrx_word' id='word_1_644' title='bbox 1060 2786 1113 2812; x_wconf 91' lang='lat' dir='ltr'>Sed</span> <span class='ocrx_word' id='word_1_645' title='bbox 1131 2795 1179 2813; x_wconf 84' lang='lat' dir='ltr'>om.</span> <span class='ocrx_word' id='word_1_646' title='bbox 1199 2791 1227 2813; x_wconf 88' lang='lat' dir='ltr'><em>P</em></span> <span class='ocrx_word' id='word_1_647' title='bbox 1243 2803 1252 2807; x_wconf 98' lang='lat'>-</span> <span class='ocrx_word' id='word_1_648' title='bbox 1272 2791 1401 2816; x_wconf 82' lang='lat' dir='ltr'>turbatur</span> <span class='ocrx_word' id='word_1_649' title='bbox 1419 2793 1447 2817; x_wconf 89' lang='lat' dir='ltr'><em>P</em></span> <span class='ocrx_word' id='word_1_650' title='bbox 1463 2805 1497 2810; x_wconf 93' lang='lat'>—</span> <span class='ocrx_word' id='word_1_651' title='bbox 1516 2798 1558 2825; x_wconf 91' lang='lat'>37.</span> <span class='ocrx_word' id='word_1_652' title='bbox 1579 2793 1794 2817; x_wconf 81' lang='lat' dir='ltr'>necessitatibus</span> <span class='ocrx_word' id='word_1_653' title='bbox 1820 2793 2014 2817; x_wconf 84' lang='lat' dir='ltr'>incumberent</span> <span class='ocrx_word' id='word_1_654' title='bbox 2027 2792 2056 2816; x_wconf 86' lang='lat' dir='ltr'><em>P</em></span> <span class='ocrx_word' id='word_1_655' title='bbox 2070 2805 2105 2810; x_wconf 89' lang='lat'>—</span> <span class='ocrx_word' id='word_1_656' title='bbox 2124 2791 2166 2825; x_wconf 84' lang='lat'>38.</span> 
     </span>
     <span class='ocr_line' id='line_1_50' title="bbox 332 2823 1437 2862; baseline 0.009 -14"><span class='ocrx_word' id='word_1_657' title='bbox 332 2823 502 2859; x_wconf 83' lang='lat' dir='ltr'>incoepturi]</span> <span class='ocrx_word' id='word_1_658' title='bbox 523 2827 656 2859; x_wconf 82' lang='lat' dir='ltr'>scripturi</span> <span class='ocrx_word' id='word_1_659' title='bbox 679 2828 743 2852; x_wconf 88' lang='lat' dir='ltr'>BD</span> <span class='ocrx_word' id='word_1_660' title='bbox 762 2841 773 2846; x_wconf 97' lang='lat'><em>-</em></span> <span class='ocrx_word' id='word_1_661' title='bbox 792 2828 972 2860; x_wconf 80' lang='lat' dir='ltr'>sequentibus</span> <span class='ocrx_word' id='word_1_662' title='bbox 994 2829 1057 2854; x_wconf 88' lang='lat' dir='ltr'>BD</span> <span class='ocrx_word' id='word_1_663' title='bbox 1074 2843 1105 2846; x_wconf 97' lang='lat'><strong>—</strong></span> <span class='ocrx_word' id='word_1_664' title='bbox 1125 2837 1166 2862; x_wconf 84' lang='lat'>39.</span> <span class='ocrx_word' id='word_1_665' title='bbox 1186 2831 1284 2856; x_wconf 84' lang='lat' dir='ltr'>stilum</span> <span class='ocrx_word' id='word_1_666' title='bbox 1303 2840 1351 2857; x_wconf 85' lang='lat' dir='ltr'>om.</span> <span class='ocrx_word' id='word_1_667' title='bbox 1372 2834 1437 2858; x_wconf 88' lang='lat' dir='ltr'>BD</span> 
     </span>
    </p>
   </div>
   <div class='ocr_carea' id='block_1_7' title="bbox 276 2911 2172 2999">
    <p class='ocr_par' dir='ltr' id='par_1_9' title="bbox 276 2911 2172 2999">
     <span class='ocr_line' id='line_1_51' title="bbox 422 2911 2172 2956; baseline 0.005 -18"><span class='ocrx_word' id='word_1_668' title='bbox 422 2911 429 2928; x_wconf 89' lang='lat'><strong>¹</strong></span> <span class='ocrx_word' id='word_1_669' title='bbox 449 2913 637 2941; x_wconf 81' lang='lat' dir='ltr'>Costumanza</span> <span class='ocrx_word' id='word_1_670' title='bbox 656 2916 847 2941; x_wconf 82' lang='lat' dir='ltr'>mussulmana</span> <span class='ocrx_word' id='word_1_671' title='bbox 865 2918 963 2948; x_wconf 84' lang='lat' dir='ltr'>questa</span> <span class='ocrx_word' id='word_1_672' title='bbox 977 2917 1022 2941; x_wconf 88' lang='lat' dir='ltr'>del</span> <span class='ocrx_word' id='word_1_673' title='bbox 1035 2918 1134 2942; x_wconf 81' lang='lat' dir='ltr'>tirarsi</span> <span class='ocrx_word' id='word_1_674' title='bbox 1154 2920 1220 2943; x_wconf 85' lang='lat' dir='ltr'>reci-</span> <span class='ocrx_word' id='word_1_675' title='bbox 1364 2919 1375 2937; x_wconf 74' lang='lat'><strong>²</strong></span> <span class='ocrx_word' id='word_1_676' title='bbox 1395 2922 1409 2934; x_wconf 83' lang='lat'><em>“</em></span> <span class='ocrx_word' id='word_1_677' title='bbox 1419 2922 1515 2947; x_wconf 83' lang='lat' dir='ltr'>Pietra</span> <span class='ocrx_word' id='word_1_678' title='bbox 1534 2923 1564 2947; x_wconf 85' lang='lat' dir='ltr'>di</span> <span class='ocrx_word' id='word_1_679' title='bbox 1583 2922 1702 2948; x_wconf 88' lang='lat' dir='ltr'>Serlone</span> <span class='ocrx_word' id='word_1_680' title='bbox 1713 2932 1742 2955; x_wconf 79' lang='lat'>„3</span> <span class='ocrx_word' id='word_1_681' title='bbox 1762 2931 1777 2948; x_wconf 88' lang='lat' dir='ltr'>e</span> <span class='ocrx_word' id='word_1_682' title='bbox 1794 2923 2006 2956; x_wconf 77' lang='lat' dir='ltr'>Hagiar-Serlu</span> <span class='ocrx_word' id='word_1_683' title='bbox 2018 2923 2047 2948; x_wconf 82' lang='lat' dir='ltr'>la</span> <span class='ocrx_word' id='word_1_684' title='bbox 2058 2920 2172 2948; x_wconf 60' lang='lat' dir='ltr'>chiama</span> 
     </span>
     <span class='ocr_line' id='line_1_52' title="bbox 276 2955 2170 2999; baseline 0.006 -21"><span class='ocrx_word' id='word_1_685' title='bbox 276 2961 307 2979; x_wconf 82' lang='lat' dir='ltr'>xo</span> <span class='ocrx_word' id='word_1_686' title='bbox 334 2957 512 2986; x_wconf 85' lang='lat' dir='ltr'>procamente</span> <span class='ocrx_word' id='word_1_687' title='bbox 530 2955 693 2988; x_wconf 84' lang='lat' dir='ltr'>l’orecchio,</span> <span class='ocrx_word' id='word_1_688' title='bbox 712 2965 790 2982; x_wconf 87' lang='lat' dir='ltr'>come</span> <span class='ocrx_word' id='word_1_689' title='bbox 812 2959 903 2983; x_wconf 73' lang='lat' dir='ltr'>secero</span> <span class='ocrx_word' id='word_1_690' title='bbox 922 2958 1045 2995; x_wconf 68' lang='lat' dir='ltr'>Ibralxim</span> <span class='ocrx_word' id='word_1_691' title='bbox 1065 2967 1079 2983; x_wconf 83' lang='lat' dir='ltr'>e</span> <span class='ocrx_word' id='word_1_692' title='bbox 1097 2958 1221 2992; x_wconf 84' lang='lat' dir='ltr'>Serlone,</span> <span class='ocrx_word' id='word_1_693' title='bbox 1276 2962 1386 2993; x_wconf 85' lang='lat' dir='ltr'>Emus1,</span> <span class='ocrx_word' id='word_1_694' title='bbox 1406 2968 1447 2995; x_wconf 76' lang='lat' dir='ltr'>op.</span> <span class='ocrx_word' id='word_1_695' title='bbox 1467 2965 1520 2993; x_wconf 63' lang='lat' dir='ltr'>cit„</span> <span class='ocrx_word' id='word_1_696' title='bbox 1541 2971 1583 2996; x_wconf 82' lang='lat'>70,</span> <span class='ocrx_word' id='word_1_697' title='bbox 1602 2973 1639 2990; x_wconf 91' lang='lat' dir='ltr'>un</span> <span class='ocrx_word' id='word_1_698' title='bbox 1660 2966 1755 2990; x_wconf 85' lang='lat' dir='ltr'>secolo</span> <span class='ocrx_word' id='word_1_699' title='bbox 1775 2966 1859 2999; x_wconf 85' lang='lat' dir='ltr'>dopo.</span> <span class='ocrx_word' id='word_1_700' title='bbox 1896 2965 1930 2990; x_wconf 88' lang='lat' dir='ltr'>V.</span> <span class='ocrx_word' id='word_1_701' title='bbox 1956 2966 1983 2990; x_wconf 85' lang='lat' dir='ltr'>la</span> <span class='ocrx_word' id='word_1_702' title='bbox 2004 2966 2087 2990; x_wconf 79' lang='lat' dir='ltr'>Carte</span> <span class='ocrx_word' id='word_1_703' title='bbox 2105 2973 2170 2990; x_wconf 69' lang='lat' dir='ltr'>com-</span> 
     </span>
    </p>
   </div>
   <div class='ocr_carea' id='block_1_8' title="bbox 334 2997 1999 3036">
    <p class='ocr_par' dir='ltr' id='par_1_10' title="bbox 334 2997 1999 3036">
     <span class='ocr_line' id='line_1_53' title="bbox 334 2997 1999 3036; baseline 0.007 -16"><span class='ocrx_word' id='word_1_704' title='bbox 334 2997 525 3022; x_wconf 76' lang='lat' dir='ltr'>consacrando</span> <span class='ocrx_word' id='word_1_705' title='bbox 543 2998 573 3023; x_wconf 81' lang='lat' dir='ltr'>in</span> <span class='ocrx_word' id='word_1_706' title='bbox 594 2999 633 3024; x_wconf 86' lang='lat' dir='ltr'>tal</span> <span class='ocrx_word' id='word_1_707' title='bbox 655 3001 780 3024; x_wconf 84' lang='lat' dir='ltr'>maniera</span> <span class='ocrx_word' id='word_1_708' title='bbox 799 3001 806 3024; x_wconf 87' lang='lat' dir='ltr'>i</span> <span class='ocrx_word' id='word_1_709' title='bbox 828 3000 891 3024; x_wconf 84' lang='lat' dir='ltr'>loro</span> <span class='ocrx_word' id='word_1_710' title='bbox 912 3001 1028 3025; x_wconf 83' lang='lat' dir='ltr'>fraterni</span> <span class='ocrx_word' id='word_1_711' title='bbox 1050 3002 1223 3028; x_wconf 81' lang='lat' dir='ltr'>sentimenti.</span> <span class='ocrx_word' id='word_1_712' title='bbox 1272 3006 1358 3035; x_wconf 65' lang='lat' dir='ltr'>parde</span> <span class='ocrx_word' id='word_1_713' title='bbox 1377 3007 1410 3030; x_wconf 83' lang='lat' dir='ltr'>de</span> <span class='ocrx_word' id='word_1_714' title='bbox 1429 3007 1457 3030; x_wconf 88' lang='lat' dir='ltr'>Ia</span> <span class='ocrx_word' id='word_1_715' title='bbox 1477 3007 1560 3032; x_wconf 74' lang='lat' dir='ltr'>Sicile</span> <span class='ocrx_word' id='word_1_716' title='bbox 1580 3008 1637 3036; x_wconf 62' lang='lat' dir='ltr'>cit„</span> <span class='ocrx_word' id='word_1_717' title='bbox 1657 3007 1687 3031; x_wconf 85' lang='lat' dir='ltr'>di</span> <span class='ocrx_word' id='word_1_718' title='bbox 1706 3007 1811 3034; x_wconf 77' lang='lat' dir='ltr'>AMAm</span> <span class='ocrx_word' id='word_1_719' title='bbox 1830 3015 1844 3033; x_wconf 87' lang='lat' dir='ltr'>e</span> <span class='ocrx_word' id='word_1_720' title='bbox 1863 3007 1999 3032; x_wconf 68' lang='lat' dir='ltr'>Duronu-</span> 
     </span>
    </p>
   </div>
   <div class='ocr_carea' id='block_1_9' title="bbox 2228 0 2314 3418">
    <p class='ocr_par' dir='ltr' id='par_1_11' title="bbox 2228 0 2314 3418">
     <span class='ocr_line' id='line_1_54' title="bbox 2228 0 2314 3418; baseline 0 0"><span class='ocrx_word' id='word_1_721' title='bbox 2228 0 2314 3418; x_wconf 95' lang='lat' dir='ltr'> </span> 
     </span>
    </p>
   </div>
  </div>
 </body>
</html>
