2314 3418
106 1523 179 1544 Mna..
196 1529 234 1548 5⁹4

115 1577 145 1599 D.
162 1582 222 1600 1¹9¹!

226 2862 257 2879 10

295 232 344 267 92
876 233 1151 270 GAUFREDI
1180 233 1556 270 MALATERRAE
1963 240 2014 274 [a.
2036 241 2131 274 ross}

292 354 431 387 facilius
454 355 613 388 resistere
636 356 803 394 hostibus,
834 361 891 388 aut
923 361 1018 388 certe
1050 355 1280 388 reconciliari.
1313 356 1390 398 Ipse
1421 365 1504 388 vero
1539 355 1774 389 Beneventum
1804 357 1982 397 secedens,
2013 367 2131 390 mona-

291 408 393 440 chice
418 414 623 446 tonsoratus,
648 409 801 442 habitum
825 409 948 441 induit.

380 461 469 493 Nam
494 470 607 504 neque
630 461 711 500 dux,
736 471 848 504 neque
873 462 1104 500 Boamundus,
1118 462 1197 504 quia
1213 461 1376 499 vicissim,
1393 466 1577 505 utrumque
1593 462 1738 495 foedere
1755 468 1866 506 rupto,
1883 463 2131 502 ludificaverat,

295 513 395 546 amici
418 520 532 546 erant:
558 513 603 546 ob
627 525 729 557 quam
752 525 825 547 rem
850 524 967 548 comes
989 522 1024 547 et
1046 514 1223 548 Robertus
1245 514 1423 554 Loretelli,
1446 515 1515 559 jam
1539 526 1559 546 a
1583 516 1673 548 duce
1696 521 1822 548 terram
1846 517 1919 550 eius
1933 516 1999 551 sibi
2015 517 2129 550 datam

293 566 334 598 iri
357 572 567 608 expetentes,
590 568 729 600 facilius
754 568 983 600 obtinuerant.
1024 568 1150 601 Comes
1173 578 1256 600 vero
1279 568 1406 602 milites
1436 578 1524 606 suos,
1554 568 1744 611 Rodulpho
1775 569 1942 603 Loretelli
1972 570 2130 609 ductore,
2180 570 2198 601 5

291 629 396 663 super
417 619 529 652 Adam
553 621 701 660 mittens,
727 621 868 654 diutinis
891 620 1142 654 incursionibus
1166 622 1344 664 aliquanto
1366 627 1522 664 tempore
1547 628 1808 665 repugnantem,
1831 623 1972 656 tandem
1986 624 2134 666 penuria

293 673 412 706 afficit.
459 674 541 713 Qui,
566 685 644 707 cum
669 674 765 707 videt
787 685 823 707 se
847 675 990 707 ulterius
1014 675 1106 707 ferre
1132 675 1274 717 nequire
1300 673 1471 716 palatium
1488 685 1585 708 suum
1610 681 1644 707 et
1675 685 1794 708 omnes
1823 675 1983 709 meliores
2011 677 2133 710 domos

289 732 402 765 nocte,
426 727 485 760 ubi
509 728 793 771 oppugnabatur,
822 728 989 761 incendio
1013 728 1205 765 destruens,
1229 735 1344 761 castro
1367 729 1502 766 relicto,
1526 729 1668 761 recessit
1699 738 1790 761 anno
1823 727 1933 761 Verbi
1962 729 2133 764 incarnati

290 778 580 823 MLXXXVIIH]
595 780 614 813 ¹.
662 781 787 814 Comes
811 791 895 813 vero
918 786 954 813 et
976 781 1187 824 Rodulphus
1214 781 1391 821 Loretelli‚
1424 788 1548 816 terram
1582 783 1654 815 eius
1680 801 1715 806 -—
1742 794 1762 815 a
1785 783 1874 815 duce
1896 789 1934 816 ut
1964 793 2129 817 concessa

290 838 364 866 erat
387 852 426 857 —-
452 834 541 866 inter
564 844 601 868 se
625 834 831 873 dividentes,
850 834 1023 876 'deinceps
1047 839 1168 877 utpote
1193 845 1254 867 sua
1276 841 1367 868 sorte
1391 842 1481 868 sunt.
2161 837 2200 870 10

378 932 458 965 XII.
482 951 523 955 -
548 933 659 975 Igitur
683 942 799 965 comes
821 931 1006 975 Rogerius,
1030 930 1122 963 omni
1146 931 1267 964 Sicilia
1290 932 1470 964 adversum
1501 943 1538 965 se
1562 951 1602 956 --
1626 932 1769 966 foedere
1793 932 1986 975 composito
2010 951 2051 956 —-
2082 943 2136 966 se-

291 987 382 1026 data,
405 991 555 1029 excepto
578 986 672 1029 quod
697 985 878 1025 Notenses,
902 995 970 1028 quo
987 995 1074 1017 uxor
1096 985 1269 1018 Benarvet
1293 995 1370 1018 cum
1394 985 1464 1018 filio
1488 987 1732 1030 transfugerat,
1749 991 1783 1018 et
1798 985 2006 1019 Buterenses
2019 986 2135 1020 adhuc

288 1050 352 1083 pro
375 1050 476 1083 posse
499 1040 671 1073 incassum
694 1038 973 1078 recalcitrabant,
1005 1039 1159 1072 exercitu
1185 1039 1334 1078 admoto,
1357 1039 1520 1072 Buterum
1552 1038 1727 1072 obsessum
1758 1038 1865 1078 vadit,
1895 1049 1987 1072 anno
2017 1039 2136 1072 Domi-

288 1093 391 1127 nicae
412 1093 664 1126 incarnationis
687 1092 964 1133 MLXXXVIII,
987 1093 1176 1126 inchoante
1205 1093 1319 1136 aprili.
1365 1093 1630 1137 prudenterque
1661 1099 1793 1126 armata
1823 1103 1937 1131 manu,
1968 1092 2137 1126 hostiliter

290 1147 442 1190 undique
466 1147 608 1185 vallans,
634 1146 812 1189 aliquanto
836 1153 993 1189 tempore
1015 1146 1168 1180 inclusos
1189 1146 1335 1180 diversis
1359 1147 1614 1180 calamitatibus
1638 1146 1758 1179 afflixit
1768 1146 1790 1180 ².
2163 1146 2201 1179 15

376 1245 474 1277 XIII.
504 1264 537 1268 —
558 1244 631 1278 Sed
656 1244 747 1282 dum,
772 1245 1058 1278 machinamentis
1083 1246 1128 1278 ad
1152 1251 1301 1279 castrum
1326 1244 1549 1289 affligendum
1567 1245 1752 1288 apparatis,
1768 1245 1930 1278 attentius
1946 1245 2136 1284 insudaret,

289 1298 420 1342 legatus
442 1309 556 1341 papae
581 1298 714 1331 Urbani
727 1298 750 1338 ³,
775 1309 854 1331 cum
879 1298 988 1331 literis
1011 1298 1054 1331 ab
1077 1298 1154 1341 ipso
1177 1299 1338 1342 sigillatis
1362 1299 1560 1336 adveniens,
1584 1299 1728 1331 nunciat
1743 1298 1892 1342 eundem
1909 1297 2137 1341 apostolicum

287 1352 399 1384 virum
423 1352 577 1385 Siciliam
602 1353 758 1390 intrasse,
781 1352 894 1395 eique,
918 1358 956 1384 ut
978 1352 1071 1394 apud
1094 1352 1271 1396 Traynam
1294 1351 1358 1385 sibi
1374 1352 1528 1384 locutum
1541 1357 1713 1393 occurrat,
1730 1350 1908 1389 mandare,
1925 1361 2014 1389 eum,
2031 1351 2136 1396 longo

288 1405 414 1437 itinere
437 1406 620 1450 fatigatum
645 1424 686 1428 —
711 1416 731 1437 a
753 1405 947 1438 Terracina
969 1405 1064 1438 enim
1087 1404 1297 1449 digrediens,
1322 1404 1533 1437 adveniebat
1560 1424 1600 1428 —
1633 1415 1716 1447 prae
1747 1404 1952 1437 lassitudine
1983 1404 2139 1448 corporis

287 1465 321 1491 et
343 1461 532 1493 montuosis
555 1459 701 1492 saltibus
724 1459 840 1492 adhuc
862 1458 1058 1501 interpositi
1082 1458 1215 1491 itineris
1237 1459 1407 1501 progredi
1422 1458 1525 1491 nolle.
1572 1458 1698 1491 Comes
1713 1467 1809 1496 vero,
1826 1458 1910 1501 quid
1925 1457 2135 1501 potissimum
2159 1459 2202 1490 20

285 1519 405 1557 ageret
427 1512 603 1546 solli'citus
627 1531 669 1536 --
692 1523 770 1546 nam
795 1513 912 1545 sedem
936 1512 1018 1545 belli
1043 1513 1204 1546 deserere
1233 1512 1435 1544 damnosum
1452 1512 1603 1544 ducebat
1626 1530 1667 1535 —
1692 1521 1805 1554 papae
1822 1521 1917 1550 vero,
1933 1511 1991 1554 qui
2007 1522 2029 1544 a
2043 1516 2138 1544 tanto

286 1567 468 1600 intervallo
493 1567 647 1600 locorum
671 1567 717 1599 ad
739 1577 776 1599 se
799 1566 974 1606 veniebat,
997 1567 1082 1599 non'
1108 1576 1306 1605 occurrere,
1332 1566 1472 1598 modico
1495 1566 1628 1598 itineris
1651 1565 1867 1608 interposito.
1893 1565 2085 1609 indignum,
2099 1570 2140 1598 ut

288 1620 481 1653 catholicus
503 1620 567 1659 vir,
591 1619 804 1653 aestimabat.
850 1619 1011 1653 Tandem
1035 1619 1183 1653 consilio
1206 1638 1247 1642 —
1271 1620 1325 1651 vir
1340 1620 1493 1663 prudens
1509 1637 1551 1642 —-
1570 1624 1731 1661 accepto,
1747 1620 1820 1663 agit
1835 1624 1872 1652 ut
1888 1628 2003 1663 neque
2019 1619 2139 1652 sedem

285 1674 370 1706 belli
394 1673 542 1712 deserat,
564 1683 676 1717 neque
699 1664 891 1716 apostolico
915 1683 983 1705 non
1010 1673 1229 1706 occurrendo
1256 1672 1463 1705 inobediens
1478 1672 1612 1704 existat.
1658 1671 1823 1705 Exercitu
1838 1681 1965 1714 nempe
1981 1671 2139 1706 fidelibus

290 1727 360 1759 suis
384 1744 425 1750 —
449 1724 680 1769 prudentibus
702 1725 789 1758 viris
812 1732 846 1758 et
870 1725 995 1758 talibus
1019 1726 1165 1770 negotiis
1188 1727 1310 1769 peritis
1324 1745 1363 1749 —
1381 1726 1552 1769 delegato,
1566 1726 1682 1759 hostes
1697 1725 1864 1758 infestare
1880 1725 2035 1763 instruit3
2050 1725 2137 1768 ipse,
2161 1724 2202 1758 25

287 1790 365 1813 cum
399 1779 528 1822 paucis,
560 1790 596 1812 se
627 1779 788 1812 invitanti
823 1779 1016 1821 apostolico
1044 1779 1165 1812 obvius
1195 1780 1289 1822 apud
1323 1780 1500 1824 Traynam
1527 1779 1690 1819 occurrit,
1720 1779 1872 1821 laetique
1903 1779 1949 1812 ad
1975 1778 2138 1817 invicem,

286 1834 372 1867 alter
395 1833 441 1866 ab
464 1833 572 1866 altero
589 1843 668 1866 cum
691 1843 823 1865 summa
846 1833 1071 1866 veneratione
1096 1833 1279 1876 excipitur.
1327 1833 1393 1866 Hic
1417 1833 1460 1866 ab
1484 1833 1545 1866 illo
1573 1833 1766 1876 apostolica
1796 1832 2044 1866 benedictione
2074 1831 2138 1866 sub

286 1887 364 1920 vice
387 1887 536 1926 Mariae,
560 1886 621 1920 illo
644 1887 688 1920 ab
710 1887 777 1919 isto
799 1886 834 1918 in
858 1886 923 1925 his,
947 1896 1036 1930 quae
1061 1887 1202 1929 corpori
1224 1886 1420 1920 necessaria
1444 1892 1551 1924 erant,
1575 1885 1750 1929 obsequiis
1773 1884 1946 1925 Marthae,
1967 1885 2004 1918 in
2020 1885 2139 1918 crasti-

290 1952 439 1984 numque
463 1951 595 1974 summo
618 1940 772 1974 diluculo
795 1940 1075 1979 convenientes‚'
1100 1947 1204 1983 agunt
1228 1940 1273 1972 ad
1296 1939 1446 1972 invicem
1471 1940 1515 1972 de
1539 1939 1692 1983 negotio,
1716 1939 1810 1982 quod
1836 1938 2067 1981 apostolicum
2082 1947 2141 1971 ac-

287 1995 432 2027 cessisse
458 1995 685 2038 compulerat.
2157 1992 2200 2025 30
2256 1989 2258 1991 ’
2304 1991 2307 1998 ⁴

373 2048 462 2081 Nam
486 2048 580 2081 idem
604 2049 816 2091 apostolicus
839 2054 920 2081 ante
943 2058 1073 2091 paucos
1104 2057 1238 2080 menses
1253 2047 1429 2087 AIexium,
1444 2048 1691 2090 imperatorem
1708 2045 2138 2088 constantinopolitanum,

288 2112 351 2144 per
374 2102 569 2140 Nicolaum,
593 2101 751 2135 abbatem
775 2101 1098 2145 criptae-ferratae,
1122 2106 1157 2133 et
1180 2100 1373 2144 Rogerium
1405 2100 1591 2134 diaconum
1624 2099 1835 2132 conveniens
1857 2104 2003 2142 paterna
2022 2099 2138 2132 incre-

285 2156 425 2198 patione
448 2155 702 2193 submonuerat,
727 2156 822 2199 quod
845 2154 1039 2188 christianis
1060 2154 1186 2192 latinis,
1210 2154 1269 2198 qui
1292 2155 1327 2186 in
1352 2165 1414 2186 sua
1444 2153 1630 2197 provincia
1659 2151 1893 2191 morabantur,
1925 2162 2045 2196 azymo
2075 2152 2139 2184 im-

285 2210 407 2242 molari
431 2209 670 2247 interdixerat,
693 2210 914 2253 praecipiens
937 2209 976 2242 in
999 2208 1190 2247 sacrificiis,
1214 2218 1310 2241 more
1335 2208 1560 2247 Graecorum,
1591 2207 1799 2239 fermentato
1822 2206 1883 2244 ufi,
1906 2206 2000 2249 quod
2023 2212 2139 2240 nostra

283 2262 407 2307 religio
433 2263 572 2295 omnino
597 2272 667 2295 non
692 2262 807 2295 habet.
853 2264 1046 2306 Imperator
1068 2272 1164 2301 vero,
1186 2262 1463 2305 increpationem
1489 2261 1561 2294 eius
1583 2260 1763 2293 humiliter
1793 2260 1994 2302 suscipiens,
2016 2259 2139 2293 invitat
2161 2259 2202 2292 35

284 2326 360 2349 eum
383 2327 448 2359 per
471 2317 611 2349 eosdem
635 2315 769 2360 legatos
793 2316 967 2355 chartulis,
992 2316 1103 2349 aureis
1125 2316 1235 2349 literis
1257 2315 1404 2358 scriptis,
1428 2321 1477 2354 ut,
1509 2315 1651 2347 veniens
1682 2325 1761 2346 cum
1793 2313 1935 2346 eruditis
1966 2313 2138 2347 catholice

374 2435 397 2453 1.
417 2429 607 2454 Beniveutum
627 2435 655 2452 se
674 2428 785 2453 rediens
805 2429 831 2452 B
850 2442 882 2446 —
903 2436 927 2452 2.
947 2427 1124 2461 tonsoratus]
1142 2430 1324 2453 consociatus
1343 2429 1370 2451 P
1387 2441 1419 2446 --
1440 2427 1494 2458 4-6.
1513 2429 1570 2461 jain
1582 2445 1587 2451 .
1600 2443 1607 2450 .
1620 2445 1624 2450 .
1637 2443 1643 2451 .
1664 2426 1878 2451 incursionibus
1891 2433 1939 2451 om.
1953 2427 1983 2450 D
1995 2438 2028 2443 -
2042 2433 2068 2458 4.
2080 2425 2136 2450 sibi

283 2479 332 2496 om.
351 2472 380 2496 P
396 2485 428 2488 —-
448 2471 473 2496 8.
493 2470 590 2503 nocte]
610 2469 720 2495 Roccae
739 2470 802 2495 BD
823 2484 854 2488 —
873 2479 899 2504 9.
917 2470 1094 2497 MLXXXVI
1114 2471 1155 2500 P;
1175 2470 1365 2496 MLXXXVII
1376 2470 1423 2502 gli
1432 2469 1502 2495 altri
1511 2469 1584 2494 codd.
1601 2483 1631 2486 —
1646 2475 1719 2502 9-1o.
1733 2469 1765 2493 ut
1777 2475 1793 2492 a
1806 2469 1875 2493 duce
1888 2475 2050 2493 consessum
2064 2467 2135 2493 P·-

287 2521 324 2538 10.
345 2515 421 2539 sorte
439 2521 489 2538 om.
507 2513 536 2538 P
546 2514 569 2538 C
579 2526 612 2530 —
629 2520 670 2537 11.
684 2514 858 2545 interposito
872 2515 901 2538 D
915 2526 946 2531 —
962 2520 1003 2546 ¹3.
1016 2514 1147 2539 Buteraui
1163 2513 1334 2545 Pqutegr'nl
1348 2525 1381 2531 -—
1397 2518 1486 2544 13-14.
1500 2518 1576 2536 anno
1590 2511 1709 2536 Domini
1724 2510 1750 2534 B
1764 2523 1795 2528 —-
1812 2509 1853 2535 16.
1866 2510 2039 2543 apparandis
2051 2509 2114 2535 BD
2125 2521 2136 2528 ·

284 2556 420 2581 hactenus
440 2557 469 2581 D
487 2570 519 2575 ——-
541 2554 582 2581 18.
601 2552 742 2588 occurrat]
763 2555 878 2580 accedat
896 2555 923 2579 P
938 2568 946 2572 -
966 2555 1103 2580 mandent
1121 2563 1185 2581 cum
1199 2555 1261 2580 BD
1274 2569 1306 2573 —
1323 2561 1363 2587 19.
1377 2553 1537 2578 Tarracena
1550 2553 1614 2578 BD
1626 2566 1658 2570 —-
1674 2558 1716 2577 πο.
1731 2552 1873 2577 montosis
1892 2552 2020 2577 saltubus
2032 2552 2135 2578 Pc-

288 2605 330 2623 21.
347 2598 418 2623 belli
436 2605 486 2623 om.
504 2598 530 2622 B
544 2611 576 2616 --
591 2604 634 2630 24.
648 2597 784 2622 obediens
798 2605 855 2621 non
875 2598 1050 2622 occurrendo
1068 2598 1131 2622 BD
1144 2611 1176 2616 —
1197 2602 1240 2629 25.
1260 2598 1319 2622 suis
1338 2596 1526 2630 prudentibus
1544 2603 1593 2620 om.
1613 2595 1639 2619 B
1649 2595 1676 2619 D
1695 2608 1727 2611 —
1749 2594 1834 2626 27-28.
1855 2594 1907 2619 sub
1925 2595 1987 2619 vice
2006 2593 2136 2627 corporis

284 2641 314 2665 in
334 2641 401 2672 hiis,
419 2646 490 2672 quae
511 2640 668 2665 necessaria
687 2639 713 2663 B
730 2653 764 2658 —
785 2646 826 2672 29.
847 2639 881 2664 ad
901 2640 1024 2664 invicem
1044 2647 1091 2665 aa.
1110 2641 1136 2664 B
1150 2655 1181 2658 —
1202 2648 1244 2672 31·
1264 2647 1370 2673 paucos
1390 2638 1450 2663 dies
1472 2638 1497 2662 P
1511 2651 1543 2656 -
1564 2644 1605 2669 32·
1627 2635 1757 2669 Criptae]
1777 2636 1896 2669 Griptae
1915 2636 1940 2660 B
1953 2650 1986 2654 —
2000 2642 2041 2669 33.
2060 2642 2135 2660 eom-

286 2685 434 2708 monuerat
452 2683 480 2708 P
495 2696 505 2700 -
523 2683 626 2707 azimis
644 2682 669 2706 B

374 2770 381 2786 ¹
399 2771 413 2796 Ι
431 2772 529 2797 codici
550 2779 621 2796 sono
641 2764 769 2796 discordi
783 2778 815 2795 su
828 2772 926 2803 questa
939 2771 1015 2800 data,
1029 2778 1052 2800 e,
1066 2778 1181 2796 comun-
1328 2769 1339 2786 ²
1359 2770 1420 2796 Con
1441 2771 1540 2803 questo
1559 2770 1678 2802 periodo
1699 2769 1839 2806 comincia
1861 2767 1934 2793 nelle
1948 2767 2020 2792 altre
2032 2767 2104 2792 ediz.
2118 2766 2139 2791 ll
2170 2771 2199 2798 15

285 2820 346 2844 que,
356 2813 450 2846 quella
469 2814 504 2839 da
524 2814 585 2839 loro
606 2813 719 2838 riserita
738 2820 797 2837 non
815 2811 830 2838 ὲ
843 2813 940 2837 esatta.
956 2811 1068 2843 perche,
1083 2821 1111 2838 se
1125 2814 1182 2838 nel·
1240 2821 1301 2847 cap.
1322 2813 1384 2838 XII.

286 2854 356 2888 1”87
375 2863 539 2881 avvennero
559 2856 585 2880 le
603 2854 717 2881 ostilita
737 2856 848 2880 narrate
868 2855 914 2879 nel
933 2861 995 2888 cap.
1014 2855 1061 2884 IX,
1080 2863 1094 2879 e
1108 2855 1183 2880 della
1327 2853 1339 2871 ³
1357 2856 1381 2880 11
1402 2855 1477 2880 card.
1497 2856 1525 2879 di
1547 2854 1638 2883 Ostia,
1660 2854 1785 2879 francese
1803 2853 1835 2878 dl
1860 2853 1982 2886 origine,
2007 2851 2095 2876 eletto
2121 2859 2136 2876 a

284 2896 338 2922 fine
362 2897 480 2922 dell”88
505 2897 519 2923 ὲ
538 2898 681 2923 l’accordo
701 2898 730 2923 di
750 2897 797 2922 cui
815 2897 842 2922 si
860 2897 941 2929 parla
960 2897 1006 2922 nel
1027 2904 1089 2930 cap.
1107 2897 1141 2927 X,
1161 2899 1182 2922 il
1242 2897 1397 2922 Terracina
1418 2897 1439 2922 il
1460 2903 1491 2922 12
1511 2903 1605 2921 marzo
1627 2895 1702 2925 1088,
1728 2895 1772 2920 col
1798 2901 1881 2919 nome
1907 2893 1939 2919 dl
1963 2892 2079 2918 Urbano
2103 2893 2139 2918 11.

285 2940 428 2964 tentativo
455 2941 483 2964 di
511 2941 634 2965 rlscossa
662 2940 692 2964 di
721 2939 843 2970 Adamo,
870 2938 951 2971 figllo
979 2940 1012 2963 ed
1042 2939 1124 2964 erede
1153 2941 1181 2964 di
1241 2938 1327 2964 Circa
1346 2940 1355 2963 i
1374 2939 1480 2964 motivl
1500 2938 1546 2963 del
1566 2945 1618 2963 suo
1637 2938 1754 2971 viagglo
1773 2943 1871 2971 presso
1889 2936 1912 2961 il
1933 2934 2028 2961 Conte
2047 2935 2078 2960 dl
2096 2933 2138 2960 Sl-

285 2980 401 3013 Mlhers,
422 2989 479 3006 non
507 2980 575 3014 pote
601 2982 692 3006 aversi
719 2983 810 3015 prima
830 2979 908 3013 degli
926 2980 1022 3006 ultimi
1043 2980 1089 3005 del
1118 2979 1186 3005 1088
1241 2981 1319 3010 cilia,
1337 2981 1368 3006 lo
1386 2982 1477 3006 stesso
1497 2987 1573 3006 anno
1587 2980 1663 3005 della
1676 2986 1727 3005 sua
1740 2979 1907 3004 elevazione
1920 2977 1948 3003 sl
1959 2976 2138 3010 pontificato.
2167 2986 2202 3004 20

284 3030 302 3046 o
321 3021 345 3046 α’
360 3023 445 3055 primi
465 3024 509 3048 del
531 3023 607 3057 1089.
1241 3023 1276 3048 cf.
1297 3023 1424 3054 Cassan,
1446 3021 1825 3055 DteGriindungsur-kundm
1844 3021 1901 3050 cit..
1926 3028 1955 3053 p.
1972 3019 2032 3045 611.
