2320 3424
128 209 179 246 [A.
200 210 293 246 1059}
504 205 577 241 DE
604 205 773 242 REBUS
802 205 978 243 GESTIS
1007 207 1221 244 ROGERII
1251 207 1458 244 COMITIS
1484 209 1598 246 ETC.
1919 211 1966 245 23

132 281 1969 291 ....................................................................................................................................................................................................

217 327 386 362 XXXIII.
411 346 452 352 --
477 328 655 362 Robertus
677 328 782 373 igitur
805 329 1028 369 Guiscardus,
1051 336 1192 374 rogatus
1209 342 1230 364 a
1244 331 1352 365 fratre
1377 343 1449 371 suo,
1465 332 1692 376 Capitanatae
1708 333 1845 372 comite,
1862 333 1968 366 Gau'-

129 381 244 420 fredo,
267 387 305 414 ut
327 387 448 415 contra
470 381 536 414 sibi
559 382 771 416 reluctantes
802 383 966 416 auxilium
996 383 1125 417 laturus
1156 384 1193 417 in
1223 390 1358 424 terram,
1390 395 1479 429 quae
1509 386 1647 419 Tetium
1679 386 1819 426 dicitur,
1850 396 1966 429 quam,

128 441 166 468 ut
187 445 268 469 suos
290 436 377 468 fines
399 435 572 476 dilataret,
595 436 773 469 debellare
797 443 972 480 coeperat,
994 438 1138 478 veniret,
1153 439 1190 470 in
1206 438 1324 471 fratris
1339 440 1391 472 sui
1406 440 1553 483 Rogerii
1568 440 1770 474 strenuitate
1786 440 1969 483 plurimum

129 488 252 528 fidens,
273 494 311 521 ut
333 489 380 522 ad
402 498 451 527 se,
475 499 592 522 secum
614 489 699 523 illuc
721 490 842 530 iturus,
866 500 968 534 quam
992 490 1154 524 citissime
1178 491 1304 531 veniat,
1336 492 1470 526 invitat.
1515 493 1578 526 Ille
1609 499 1736 532 autem,
1766 493 1968 526 invitatione

85 541 104 575 5
127 547 290 584 suscepta
313 547 348 574 et
371 539 594 575 'necessitate
617 543 737 576 fratris
760 543 811 576 sui
836 543 1007 577 Gaufredi
1038 544 1187 588 cognita,
1219 546 1373 588 quamvis
1404 546 1474 578 suis
1504 545 1708 580 utilitatibus
1739 546 1965 590 disponendis

69 592 71 599 ¹
128 600 318 638 occupatus
341 601 442 635 esset,
465 600 593 634 tamen,
616 596 698 639 quia
720 606 856 639 semper
878 596 946 630 sibi
970 607 1044 630 mos
1066 597 1134 630 fuit
1157 598 1343 631 amicorum
1367 598 1580 639 utilitatibus,
1603 605 1641 632 ut
1662 600 1742 638 suis,
1773 599 1970 639 subvenire,

128 648 386 682 accuratissime
419 659 537 681 versus
567 649 710 682 fratrem
742 649 904 682 auxilium
935 649 1120 683 accelerat.
1182 650 1324 694 Sicque,
1355 652 1514 684 exercitu
1546 658 1729 692 commoto,
1756 653 1905 697 utrique,
1934 654 1970 686 in

127 701 291 735 auxilium
314 701 431 735 fratris
453 702 564 735 aciem
587 702 787 747 dirigentes,
805 702 1047 735 Guillimacum
1064 709 1212 736 castrum
1228 711 1467 748 oppugnantes
1490 705 1640 748 capiunt.
1688 706 1887 745 Gasterium,
1911 706 1969 749 qui

126 760 242 789 castro
263 754 535 798 principabatur,
558 754 749 798 'captivum
773 756 940 789 ducentes
962 755 998 788 in
1021 755 1201 799 Apu'liam,
1224 756 1343 790 oculos
1366 758 1547 796 effodiunt,
1570 769 1614 790 ne
1637 759 1677 797 si,
1700 759 1819 792 oculos
1833 759 1966 793 habens

56 809 105 854 Ι,10
126 809 164 842 in
186 813 373 851 posterum,
396 819 417 841 a
441 809 603 851 captione
626 809 767 852 quando
790 808 1001 848 liberaretur,
1024 809 1126 842 fratri
1141 810 1264 842 iterum
1279 810 1443 843 molestus
1458 811 1564 844 fieret.
1610 812 1677 845 Hic
1693 822 1845 845 sororem
1860 824 1968 856 quan-

126 862 208 896 dam
229 861 391 901 habebat,
416 872 506 905 quae
530 873 610 895 cum
635 863 712 905 ipso
739 862 775 894 in
806 862 969 905 captione
1000 862 1150 895 abducta
1180 869 1241 896 est.
1288 863 1390 902 Quae
1419 864 1523 896 etiam
1555 870 1671 897 tantae
1702 865 1969 907 pulchritudinis

124 915 232 949 fuisse
255 921 413 954 testatur,
435 921 483 954 ut,
505 915 535 948 si
558 915 746 959 aliquando
769 915 814 948 ad
836 926 931 948 mare
956 915 1149 948 balneatum
1174 915 1336 956 venisset,
1359 916 1414 949 vel
1432 927 1534 950 causa
1549 918 1783 960 experientiae
1799 919 1834 950 in
1850 919 1968 963 aliquo

125 969 265 1013 piscoso
288 969 426 1002 flumine
450 979 552 1002 crura
575 970 779 1012 deponeret,
802 969 927 1011 pisces,
950 968 1111 1002 albedine
1135 969 1209 1002 eius
1233 969 1408 1007 delectati.
1433 970 1655 1011 adnatabant,
1679 977 1716 1004 ut
1739 972 1842 1005 etiam
1865 983 1967 1006 manu

126 1024 206 1067 capi
228 1029 379 1067 possent.

39 1120 101 1166 515
212 1121 381 1155 XXXIV.
409 1138 446 1143 —-
481 1120 584 1152 Tunc
614 1130 732 1153 comes
761 1119 971 1158 Gaufredus,
1002 1119 1246 1154 Guillimacum
1270 1119 1433 1154 'castrum
1458 1122 1630 1166 adjutorio
1661 1122 1777 1155 fratris
1808 1123 1964 1166 adeptus,

39 1173 44 1181 ⁴
124 1180 232 1208 totam
254 1174 436 1207 Teatinam
458 1173 672 1216 provinciam
689 1173 699 1191 ¹
723 1173 861 1206 fortiter
884 1172 1059 1206 debellare
1081 1173 1208 1216 coepit.
1254 1174 1429 1207 Robertus
1452 1185 1534 1208 vero
1559 1175 1770 1209 Guiscardus
1793 1187 1871 1209 cum
1894 1177 1968 1210 Ro-

123 1228 222 1272 gerio
247 1228 356 1260 fratre
380 1227 414 1259 in
438 1227 635 1260 Calabriam
657 1226 814 1265 secessit3
838 1226 897 1259 ubi
920 1227 967 1259 ad
990 1226 1171 1260 utilitatem
1194 1238 1289 1260 suam
1319 1233 1354 1260 et
1376 1228 1493 1260 fratris
1523 1228 1671 1271 plurima
1702 1229 1900 1272 disponens,
1933 1236 1966 1262 et

123 1292 233 1326 usque
256 1282 407 1327 Regium
430 1281 636 1325 praedatum
660 1280 803 1319 vadens,
826 1279 983 1324 Rogerio
1006 1279 1043 1312 in
1067 1280 1230 1314 Calabria
1252 1288 1462 1321 remanente,
1486 1283 1561 1326 ipse
1584 1282 1622 1315 in
1651 1282 1814 1326 Apuliam
1837 1285 1968 1317 hiema-

44 1365 45 1369 ,
125 1341 220 1369 turus
242 1345 419 1380 regressus
442 1333 527 1368 est¹.

58 1390 101 1422 20
211 1388 338 1421 Hieme
361 1399 445 1421 vero
468 1387 623 1427 transita,
647 1398 773 1432 magno
797 1387 973 1420 desiderio
1004 1387 1157 1431 Regium
1188 1388 1409 1431 adipiscendi
1439 1389 1576 1428 ardens,
1608 1397 1801 1423 commeatu
1833 1396 1867 1423 et
1889 1390 1968 1423 reli—

124 1442 212 1486 quis,
234 1452 324 1486 quae
350 1441 545 1474 necessaria
576 1447 686 1480 erant,
716 1451 843 1485 magno
874 1441 988 1474 studio
1017 1441 1245 1484 praeparatis,
1269 1441 1524 1486 plurimumque
1555 1443 1744 1476 exercitum
1776 1454 1866 1476 anno
1897 1444 1967 1476 Do-

125 1496 275 1528 minicae
298 1494 546 1528 incarnationis
567 1493 692 1527 MLIX
715 1503 940 1539 congregans,
963 1493 1159 1527 Calabriam
1189 1495 1300 1532 venit3
1317 1495 1528 1538 fratremque
1544 1505 1661 1528 secum
1678 1496 1865 1539 accipiens,
1881 1502 1968 1530 tem-

123 1559 209 1592 pore
231 1558 302 1592 quo
324 1558 453 1581 messes
475 1547 596 1592 colligi
617 1547 841 1591 incipiebant,
864 1547 1017 1591 Regium
1051 1557 1316 1590 praeoccupans
1347 1548 1494 1582 obsedit.
1533 1548 1653 1587 Porro,
1684 1549 1752 1582 illis
1775 1549 1873 1593 quasi
1903 1560 1967 1593 pro

122 1603 194 1636 vita
217 1602 347 1636 tuenda
369 1612 444 1635 sese
468 1601 608 1634 fortiter
631 1600 909 1640 defendentibus,
931 1601 1068 1645 utrique
1090 1602 1228 1640 fratres,
1253 1601 1412 1634 certatim
1435 1611 1515 1634 suos
1538 1603 1771 1641 cohortantes,
1795 1601 1841 1635 ad
1858 1612 1968 1646 oppu-

40 1654 43 1659 “
57 1654 99 1690 25
122 1656 324 1701 gnationem
348 1655 452 1688 castri
475 1654 644 1688 excitant:
668 1655 771 1694 unde,
796 1665 875 1687 cum
898 1655 1015 1688 hostes
1037 1655 1210 1688 interdum
1233 1655 1431 1698 prosiliunt,
1454 1648 1562 1688 multa
1583 1655 1780 1689 militariter
1810 1656 1854 1689 ab
1884 1656 1968 1699 ipsis

122 1714 324 1754 perpetrata
346 1713 435 1742 sunt.
480 1708 569 1742 Nam
593 1708 778 1752 Rogerius,
801 1718 857 1747 ne,
880 1708 968 1741 alios
989 1709 1035 1741 ad
1058 1708 1213 1741 militiam
1235 1709 1401 1753 arrigens,
1424 1709 1500 1751 ipse
1522 1710 1685 1753 refugere
1716 1709 1902 1751 diceretur,
1932 1710 1966 1742 in

122 1763 216 1796 omni
239 1772 429 1806 congressu
453 1772 528 1795 sese
551 1761 655 1795 sociis
677 1771 905 1804 praeponens,
928 1762 1103 1805 quendam
1127 1761 1350 1795 fortissimum
1365 1767 1400 1795 et
1416 1762 1550 1795 enormi
1567 1772 1713 1806 corpore
1730 1763 1854 1803 virum,
1871 1773 1969 1795 exer-

122 1816 205 1850 citui
220 1816 498 1850 Normannorum
514 1815 628 1848 multis
644 1814 862 1849 contumeliis
876 1814 1153 1858 exprobrantem,
1168 1825 1272 1859 quem
1286 1825 1405 1849 omnes
1421 1816 1518 1859 quasi
1533 1817 1710 1861 gigantem
1727 1816 1968 1855 exhorrebant,

33 1902 36 1907 Α
122 1871 255 1913 impetu
277 1869 385 1908 factu,
408 1869 523 1903 hastili
544 1869 670 1902 robore
694 1869 861 1910 deiciens,
884 1868 1072 1902 interfecit.
1118 1869 1197 1902 Hoc
1221 1870 1338 1913 itaque
1365 1869 1480 1902 taliter
1508 1871 1709 1909 interfecto,
1741 1869 1876 1912 reliqui,
1908 1870 1967 1914 qui

56 1924 99 1957 ³0
121 1924 212 1957 intra
235 1929 384 1956 castrum
408 1928 517 1962 erant,
533 1922 656 1962 territi,
673 1933 751 1956 cum
768 1922 927 1956 viderent
942 1922 1233 1956 'machinamenta
1248 1922 1294 1955 ad
1309 1922 1430 1956 urbem
1446 1923 1651 1966 capiendam
1667 1929 1798 1966 parata,
1816 1933 1960 1965 eamque

35 1980 41 1989 ¹
121 1987 230 2021 usque
254 1975 414 2020 perduci,
437 1975 568 2009 viribus
591 1975 660 2009 suis
682 1976 889 2016 diffidentes,
911 1976 1075 2019 pactione
1091 1976 1198 2015 facta,
1214 1982 1252 2009 ut
1267 1976 1411 2016 duobus,
1427 1977 1486 2020 qui
1504 1976 1649 2009 caeteris
1664 1976 1854 2019 principari
1871 1976 1967 2009 vide-

124 2030 261 2069 bantur,
285 2041 363 2064 cum
388 2030 547 2063 omnibus
569 2030 639 2063 suis
662 2030 757 2063 abire
781 2030 913 2072 liceret,
938 2030 1069 2064 caeteri
1091 2029 1235 2070 'omnes,
1258 2030 1343 2063 urbe
1365 2031 1512 2070 reddita,
1537 2030 1659 2064 ditioni
1690 2030 1966 2063 Normannorum

123 2095 161 2118 se
184 2083 422 2118 subdiderunt.
467 2082 647 2116 Abeuntes
669 2093 752 2116 vero
775 2093 851 2116 sese
874 2083 911 2115 in
935 2089 1059 2123 castro,
1081 2084 1175 2126 quod
1199 2083 1426 2117 Sekillacium
1450 2084 1590 2123 dicitur,
1612 2089 1828 2126 receperunt.

19 2215 22 2219 ,
213 2180 367 2216 XXXV.
391 2199 433 2205 —
458 2181 568 2226 Igitur
590 2180 765 2215 Robertus
788 2181 1011 2221 Guiscardus,
1034 2186 1183 2225 accepta
1204 2182 1300 2222 urbe,
1325 2182 1476 2215 diuturni
1500 2181 1665 2215 desiderii
1689 2182 1741 2214 sui
1757 2191 1898 2224 compos
1914 2181 1967 2214 ef-

59 2234 102 2270 35
125 2235 250 2275 fectus,
274 2246 353 2269 cum
377 2234 577 2278 triumphali
601 2234 712 2279 gloria
734 2235 805 2268 dux
828 2235 973 2269 efficitur
989 2235 1012 2268 ⁸.
1057 2235 1274 2280 Magnasque
1296 2236 1425 2280 gratias
1448 2246 1525 2269 cum
1549 2236 1747 2269 meritorum
1762 2246 1967 2278 recompen-

215 2356 240 2375 2.
259 2346 350 2383 fredo]
369 2349 523 2374 ricomincia
541 2349 566 2373 el
580 2349 634 2374 cod.
654 2348 679 2373 A
700 2362 708 2367 -
728 2351 810 2378 terra,
829 2356 900 2382 quae
919 2347 1043 2383 Gitium]
1062 2349 1103 2378 P;
1123 2349 1230 2374 Dorum
1245 2350 1326 2380 BDg
1339 2349 1472 2374 Tercium
1488 2350 1511 2374 C
1528 2362 1560 2367 —-
1580 2353 1605 2380 5.
1624 2347 1663 2380 etl
1683 2356 1718 2373 ex
1736 2349 1816 2373 PC·
1830 2347 1969 2372 Gaufredi

125 2398 175 2416 m.
193 2391 221 2416 Ρ
240 2404 271 2410 -
292 2396 317 2423 7.
335 2392 561 2416 accuratissime.
574 2407 582 2416 .
592 2407 600 2417 .
611 2410 617 2417 .
639 2391 779 2417 auxilium
798 2399 847 2416 om.
866 2392 894 2416 Ρ
911 2405 943 2409 —-
967 2392 991 2418 8.
1005 2390 1212 2417 Guillamntum
1225 2392 1253 2416 P
1264 2391 1398 2424 quiegiti
1411 2405 1421 2410 -
1434 2390 1566 2416 Galterio
1580 2392 1619 2421 P3
1633 2389 1784 2415 Gualterio
1798 2391 1822 2415 C
1832 2403 1865 2408 —
1882 2397 1921 2415 10.
1936 2392 1965 2415 in

125 2435 268 2466 posterum
286 2440 337 2458 om.
350 2434 396 2458 Ρ-
414 2434 585 2466 quandoque
604 2435 664 2459 PC
679 2447 712 2452 ——
735 2441 774 2459 12.
794 2433 882 2459 fulsse
901 2432 1033 2468 testatur]
1053 2441 1112 2459 esse
1132 2434 1237 2460 dicitur
1254 2435 1282 2458 P
1299 2447 1332 2453 -
1353 2441 1394 2466 13.
1414 2441 1495 2459 crura
1515 2435 1543 2458 in
1564 2434 1661 2465 aliquo
1675 2434 1702 2457 P
1714 2447 1745 2450 —
1762 2432 1801 2457 16.
1815 2433 1966 2457 Tescinam

3 2492 32 2512 -7
125 2476 168 2506 Pt
182 2476 330 2502 'Plotinam
343 2478 386 2506 Βς
400 2475 537 2501 Trainsm
550 2477 579 2502 D
591 2490 624 2495 —
640 2483 681 2501 πο.
695 2479 838 2502 transacta
852 2477 879 2501 P
889 2489 923 2495 -
936 2483 979 2502 21.
992 2478 1140 2510 apparatis
1154 2477 1178 2502 C
1189 2490 1222 2496 —
1236 2483 1325 2502 21·22.
1339 2477 1518 2509 plurimoque
1537 2477 1662 2501 exercitu
1674 2494 1679 2500 .
1690 2492 1698 2500 .
1710 2495 1714 2500 .
1725 2492 1733 2500 .
1753 2476 1924 2508 congregato
1944 2476 1972 2500 P

80 2525 95 2552 5
124 2531 158 2537 --
178 2524 220 2543 22.
239 2519 320 2544 MLX
340 2518 398 2543 PA
411 2519 433 2544 C
451 2533 484 2537 —
504 2524 544 2551 27.
566 2519 726 2551 praeferens
747 2519 810 2543 BD
828 2531 838 2537 -
852 2521 880 2544 et
892 2526 941 2545 om.
956 2519 1020 2544 BD
1033 2532 1065 2537 —-
1080 2518 1121 2544 28.
1135 2517 1335 2552 exhorrebant]
1347 2519 1525 2544 extollebant
1536 2519 1564 2543 Ρ
1575 2532 1608 2536 -
1623 2524 1665 2551 ²9·
1677 2518 1787 2546 robore,
1800 2518 1859 2542 telo
1872 2518 1968 2542 interf.

31 2556 33 2558 ¹
127 2561 192 2586 BD
210 2574 242 2578 —
261 2567 352 2593 30-31.
374 2562 486 2595 jamque
498 2568 585 2592 usque
598 2561 714 2595 perduci
728 2562 754 2587 B
767 2574 799 2579 —
814 2567 855 2593 32.
870 2562 965 2586 dedita
980 2562 1022 2591 1³3
1038 2561 1137 2586 relicta
1151 2562 1178 2586 Β
1190 2574 1222 2579 -
1236 2568 1279 2595 33.
1292 2559 1331 2595 se]
1346 2568 1404 2586 sese
1418 2562 1445 2586 Ρ
1456 2574 1464 2579 -
1479 2560 1643 2585 Scillacium
1656 2560 1692 2590 P3
1706 2559 1893 2584 Skillackium
1907 2559 1969 2583 BD

213 2661 219 2677 ¹
242 2664 280 2688 La
301 2665 417 2697 regione
435 2664 464 2688 di
485 2663 597 2694 Chieti;
615 2664 653 2689 cs.
672 2665 794 2693 ΑΜΑΤΟ,
816 2664 876 2693 vn,
895 2672 938 2696 31·
1076 2666 1220 2699 ristampe,
1239 2666 1347 2690 mentre
1367 2665 1461 2689 l'altra
1480 2666 1559 2696 parte
1573 2664 1654 2688 viene
1667 2669 1683 2686 a
1697 2662 1846 2687 costituire
1865 2661 1887 2686 11
1908 2668 1968 2695 cap.

211 2703 223 2722 ²
242 2705 295 2731 Per
313 2707 428 2740 regioni
447 2706 570 2739 logiche,
589 2707 627 2732 ho
646 2707 781 2732 ordinata
801 2707 829 2731 la
841 2707 960 2732 materia
974 2707 1021 2732 dei
1076 2707 1218 2734 XXXVII.
1255 2707 1317 2732 Con
1336 2708 1395 2733 tale
1414 2707 1611 2740 dispositione
1635 2712 1651 2730 e
1676 2705 1817 2729 divisioni
1843 2704 1871 2728 dl
1892 2704 1968 2736 parti

2 2767 31 2791 ,33
124 2755 204 2782 capp.
224 2747 337 2777 XXXV,
356 2748 483 2778 XXXVI,
503 2748 635 2774 XXXVII
660 2749 868 2774 diversamente
893 2749 940 2774 dai
960 2758 1022 2782 pre·
1076 2750 1222 2775 consanno
1240 2750 1266 2774 le
1285 2750 1415 2775 rubriche
1434 2749 1498 2774 date
1517 2748 1563 2773 dal
1583 2748 1644 2772 cod.
1666 2747 1690 2771 A
1711 2747 1737 2771 al
1758 2747 1903 2780 principio
1923 2746 1968 2770 del

67 2793 99 2812 10
124 2791 237 2816 cedenti
249 2791 363 2816 editori.
394 2790 493 2820 Questi
509 2791 606 2817 hanno
621 2791 697 2816 fatto
711 2791 757 2816 del
771 2792 877 2816 branc:
900 2792 913 2806 “
924 2793 1022 2818 Hieme
1076 2792 1166 2816 Libro
1186 2792 1205 2816 Ι.

124 2883 184 2908 cap.
203 2875 322 2901 XXXIV
342 2876 363 2900 ll
384 2884 444 2909 cap.
467 2875 582 2907 XXXV,
607 2875 702 2900 dando
729 2877 762 2900 ad
788 2883 850 2901 esso
871 2876 891 2901 il
920 2877 1022 2902 tltolo=
1077 2879 1125 2910 qui
1147 2877 1229 2902 alcun
1249 2883 1375 2901 accenno
1395 2875 1421 2900 al
1442 2881 1593 2907 congresso
1613 2874 1642 2898 di
1668 2872 1752 2903 Melfi,
1779 2871 1813 2897 ne
1838 2871 1969 2897 all’lnve·

126 2916 325 2943 “Guiscardus
342 2918 410 2943 Dux
431 2918 551 2944 efficitur
562 2936 586 2950 η,
605 2918 655 2942 che
679 2919 779 2943 invece
804 2920 896 2951 spetta
915 2920 942 2944 al
963 2927 1023 2953 cap.
1079 2921 1182 2944 stltura
1201 2926 1334 2944 concessa
1353 2918 1389 2942 da
1414 2915 1534 2942 Niccolo
1559 2916 1585 2940 11
1610 2924 1625 2941 a
1650 2915 1774 2940 Roberto
1801 2913 1969 2939 Gulscardo.

3 2992 7 2993 ⁷
23 2983 25 2986 ⁴
125 2962 265 2992 neguente.
300 2960 409 2986 Inoltre
430 2962 449 2986 il
469 2968 529 2994 cap.
546 2960 648 2985 XXXV
662 2960 737 2985 della
751 2963 880 2993 presente
893 2961 1024 2987 edizione
1079 2961 1165 2986 Forte
1185 2959 1286 2995 perche
1304 2961 1527 2986 all'investitura
1540 2958 1687 2992 pontificia
1701 2965 1788 2982 avevs
1803 2957 1860 2990 egli
1873 2964 1970 2982 accen—

67 3004 97 3033 ις
125 3008 184 3027 non
210 3000 226 3027 δ
250 3002 301 3028 che
324 3009 381 3028 una
406 3004 485 3037 parte
510 3003 554 3028 del
581 3010 641 3035 cap.
667 2998 786 3028 XXXVI
812 3003 886 3028 delle
911 3004 1024 3030 antiche
1081 3005 1149 3031 nato
1170 3004 1215 3029 nel
1235 3011 1294 3036 cap.
1315 3002 1379 3028 XIV
1398 3002 1426 3026 di
1447 3003 1545 3035 questo
1565 3000 1673 3026 Libro?
1698 2999 1812 3025 Ovvero
1837 3007 1886 3034 per
1912 3006 1968 3027 non

2042 398 2128 421 A‚11r

2039 1135 2068 1158 A,
2083 1141 2130 1155 ην

123 2833 216 2858 “vero
234 2834 358 2858 transita
369 2851 376 2859 .
387 2850 395 2859 .
407 2851 415 2859 .
426 2852 432 2859 .
452 2833 625 2866 Scyll-cium
639 2833 756 2865 dicitur,
770 2836 936 2866 receperunt
947 2853 961 2866 „
977 2835 1022 2860 del
1165 2833 1176 2849 ³
1195 2833 1218 2857 Il
1239 2833 1286 2864 M.‚
1305 2833 1363 2858 alla
1383 2835 1471 2857 stessa
1490 2832 1571 2863 gulsa
1585 2831 1613 2855 di
1629 2830 1752 2858 Ammo,
1767 2830 1814 2860 IV,
1828 2836 1851 2862 3,
1868 2836 1926 2854 non
1943 2829 1970 2853 fa
1998 2837 2032 2855 20
