2314 3418
76 170 94 220 ’ν
151 205 203 241 [Δ.
223 205 318 241 ιοοι]
516 200 586 236 DE
613 201 779 238 REBUS
808 201 986 239 GESTIS
1013 202 1231 239 ROGERII
1260 203 1470 240 COMITIS
1497 205 1612 240 ETC.
1932 206 1975 245 71

623 323 699 357 Lex
720 324 787 357 ista
809 325 925 358 divim
943 326 1135 370 praecepit,
1158 337 1223 359 non
1241 327 1446 370 peregrina.

538 376 663 409 Pinxit
683 375 870 421 Scriptura
891 389 975 422 quae
995 383 1073 411 sunt
1084 379 1254 423 facienda
1267 379 1420 424 sutura:

623 430 815 473 Postponat
833 434 979 474 patrem,
1003 434 1187 475 postponat
1208 431 1350 475 denique
1371 437 1527 471 matrem,

535 481 700 526 Quisquis
722 487 756 515 et
776 485 879 516 uxori
887 485 1069 528 jungatur
1090 495 1205 518 amore
1227 486 1352 528 priori,

83 533 121 578 5
624 534 718 577 Jure
739 537 896 569 maritali
913 542 1072 570 servatur
1094 537 1182 570 linea
1205 538 1276 570 tali.

224 622 357 655 XXIV.
381 641 422 646 -
446 623 555 667 Igitur
576 624 823 656 famosissimus
845 623 1037 667 Apulorum
1059 631 1095 658 et
1117 625 1298 659 Calabriae
1322 626 1404 666 dux,
1428 627 1612 666 Robertus‚
1636 629 1757 661 diatim
1788 629 1975 673 instigante

82 698 102 722 3
137 686 174 709 se
203 674 393 715 Michaele‚
424 676 483 719 qui
514 677 558 709 ad
587 687 625 708 se
655 677 902 721 transfugerat,
936 682 974 710 ut
1007 685 1183 721 coeperat,
1216 689 1334 712 versus
1364 680 1571 712 Romaniam
1605 681 1754 713 animum
1783 682 1978 720 intendens,

86 727 227 766 <fanno
250 728 453 762 Dominicae
475 730 721 763 incarnationis
734 730 938 769 MLXXXI,
956 741 1072 764 mense
1095 733 1197 776 majo,
1221 732 1314 775 apud
1337 733 1531 766 Ydrontum
1548 735 1644 767 venit
1658 735 1677 767 ¹.
1723 733 1978 778 Apparatisque

90 785 111 827 J
132 791 198 827 pro
220 791 386 824 processu
409 781 600 824 sumptibus
621 789 718 816 tanto
740 783 918 826 incoeptui
942 783 1068 827 dignis,
1092 783 1290 827 quindecim
1313 795 1420 818 naves
1442 792 1537 818 trans
1559 797 1652 819 mare
1675 787 1827 830 aliquam
1857 787 1977 820 urbem

90 823 427 878 svi‘praeoccupatum
451 835 567 875 mittit,
589 841 637 874 ut,
662 847 739 868 cum
770 836 846 878 ipse
873 847 951 868 cum
982 837 1117 880 reliquo
1149 838 1306 870 exercitu
1336 838 1614 882 subsequeretur,
1644 839 1817 872 imbecille
1842 841 1974 884 vulgus,

22 880 24 890 ²
81 891 102 908 “
134 887 232 920 cuius
254 898 334 930 pars
357 888 505 920 maxima
527 888 563 920 in
587 889 810 931 expeditione
834 895 916 927 erat,
941 900 1008 932 quo
1031 899 1068 922 se
1094 890 1136 923 ab
1159 890 1274 922 hostili
1302 891 1451 930 incursu,
1478 892 1506 923 si
1528 902 1671 925 necesse
1695 893 1798 932 foret,
1813 899 1976 932 tueretur,

132 940 284 974 haberet.
331 941 386 973 Illi
409 951 493 973 vero
515 941 596 974 vela
618 941 729 974 ventis
751 942 1015 980 committentes,
1037 942 1082 974 de
1106 949 1208 975 nocte
1230 943 1323 986 apud
1339 944 1496 976 Corofon
1512 945 1692 987 applicant
1708 945 1730 978 ².
1776 945 1971 990 'Insulaque

90 1030 94 1031 ⁷
133 993 176 1027 de
198 994 285 1026 mari
308 993 439 1026 eminus
470 995 638 1036 inspecta,
668 994 919 1027 multitudinem
952 995 1114 1035 hostium,
1143 1006 1244 1038 quam
1275 996 1486 1034 invenerunt,
1517 998 1755 1037 abhorrentes,
1786 999 1924 1032 minime
1954 1011 1975 1032 a

89 1054 95 1087 ζ
132 1046 280 1080 navibus
301 1048 467 1091 progredi
490 1052 732 1089 praesumunt3
755 1047 828 1086 sed,
852 1048 1002 1080 reditum
1026 1048 1272 1087 accelerantes,
1290 1049 1372 1082 duci
1388 1050 1575 1092 placidum,
1591 1052 1692 1083 etiam
1708 1052 1736 1083 si
1753 1053 1863 1095 major
1885 1058 1975 1085 esset

75 1136 89 1147 ,⁷
129 1099 312 1139 exercitus,
334 1100 548 1133 renunciant.

218 1153 298 1185 Dux
319 1154 436 1197 itaque
459 1153 641 1196 plurimum
663 1153 881 1192 exhilaratus,
905 1154 1016 1197 copiis
1039 1153 1184 1188 navibus
1206 1155 1423 1195 introductis,
1454 1157 1600 1190 festinus
1631 1168 1708 1190 cum
1740 1159 1831 1192 omni
1862 1159 1971 1192 classe

74 1219 87 1252 ,⁷-
128 1213 340 1240 transmeare
363 1207 548 1245 accelerat,
570 1206 724 1249 pluribus
746 1216 790 1238 ex
811 1206 1069 1240 remanentibus
1092 1208 1220 1246 amicis,
1244 1208 1367 1252 quibus
1389 1210 1552 1252 Apuliam
1570 1209 1834 1254 Calabriamque
1850 1222 1974 1254 procu-

73 1274 83 1302 -ς
128 1266 238 1293 ratum
262 1260 495 1304 delegaverat,
518 1259 639 1291 timore
662 1269 752 1298 eum,
775 1265 810 1292 et
832 1261 891 1302 qui
915 1270 992 1293 cum
1020 1259 1096 1303 ipso
1127 1260 1278 1299 abibant,
1309 1257 1501 1302 amittendi,
1531 1274 1639 1306 usque
1669 1264 1714 1296 ad
1743 1265 1819 1307 ipsa
1849 1265 1973 1297 lachri-

128 1325 260 1346 masum
283 1313 423 1351 indicia,
453 1323 538 1357 quas
568 1313 716 1346 affectus
745 1313 882 1355 pietatis
913 1313 1135 1356 exprimebat,
1166 1314 1375 1355 dolentibus,
1406 1316 1611 1358 quibusdam
1641 1327 1724 1349 vero
1755 1329 1798 1350 ex
1827 1318 1881 1356 iis,
1911 1319 1971 1360 qui

92 1360 101 1392 ἶ
128 1376 206 1400 cum
229 1367 306 1409 ipso
329 1366 648 1408 proficiscebantur,
670 1365 792 1398 timore
814 1371 884 1398 tam
900 1366 1058 1399 horribili
1074 1368 1118 1401 ad
1135 1368 1229 1410 quod
1243 1368 1447 1402 intendebat
1462 1369 1645 1412 incoeptus
1660 1388 1702 1393 —
1720 1381 1761 1402 ac
1777 1371 1806 1403 si
1822 1371 1970 1404 febrium

71 1410 80 1429 ³
125 1419 202 1464 tipo
225 1425 521 1463 congravarentur
543 1437 585 1442 —
608 1419 773 1452 militibus
796 1419 945 1453 demisse
968 1420 1203 1453 trementibus.
1249 1421 1338 1454 Nam
1362 1429 1511 1465 quantae
1535 1422 1699 1455 audaciae
1724 1424 1865 1456 cuiusve
1881 1423 1971 1455 mili-

86 1482 91 1491 ⁵
126 1473 211 1507 tatis
232 1472 448 1505 strenuitatis
470 1472 540 1505 dux
562 1473 628 1505 iste
650 1473 765 1510 fuerit,
788 1483 866 1505 cum
887 1483 951 1515 per
973 1474 1080 1506 multa
1102 1474 1175 1506 eius
1198 1475 1366 1507 exercitia
1381 1475 1464 1508 satis
1487 1475 1693 1519 abundeque
1712 1477 1850 1515 clareat,
1868 1477 1970 1510 etiam

126 1525 155 1560 si
176 1525 313 1568 reliqua
336 1525 450 1558 omnia
472 1525 604 1564 sileant,
628 1535 671 1558 ex
692 1526 760 1558 hoc
782 1526 994 1568 potissimum
1017 1526 1253 1560 indubitanter
1276 1529 1434 1561 annotari
1456 1534 1584 1571 potest:
1609 1528 1713 1572 quod,
1730 1540 1806 1562 cum
1823 1535 1892 1562 tam
1907 1540 1970 1572 po-

26 1595 29 1598 <
124 1578 284 1623 pulosum
305 1578 498 1621 imperium,
521 1577 674 1622 'tamque
697 1579 872 1622 copiosum
894 1579 1150 1622 imperatorem,
1174 1586 1267 1614 totve
1291 1581 1402 1613 millia
1417 1582 1565 1615 hostium
1581 1593 1692 1625 pauca
1708 1594 1821 1621 manu,
1837 1593 1898 1624 spe
1915 1594 1969 1615 su-

28 1667 30 1669 ,
125 1631 302 1677 bjugandi,
325 1631 418 1665 bello
442 1631 611 1665 lacessere
635 1638 802 1666 tentatum
823 1633 874 1665 ire
896 1633 1150 1676 praesumebat,
1167 1633 1240 1677 ipse
1256 1640 1406 1667 armatae
1436 1635 1577 1667 militiae
1593 1646 1661 1668 non
1677 1635 1856 1678 plusquam
1873 1636 1968 1668 mille

28 1703 30 1730 1
72 1681 88 1708 ’ἶ
125 1690 298 1720 trecentos
321 1685 446 1718 milites
469 1696 585 1718 secum
609 1685 780 1724 habuisse,
803 1685 847 1719 ab
870 1686 929 1725 eis,
953 1687 1011 1730 qui
1034 1687 1148 1721 eidem
1179 1688 1318 1732 negotio
1350 1688 1593 1727 interfuerunt,
1625 1694 1815 1722 attestatur.
1861 1689 1969 1722 Porro

27 1779 29 1781 Ι
90 1743 95 1760 ²
124 1739 157 1772 ei
180 1738 307 1782 copias,
330 1737 503 1781 viresque,
527 1749 612 1782 quas
633 1750 690 1771 res
711 1738 786 1782 ipsa
809 1745 1023 1784 tempusque,
1046 1747 1210 1783 quantum
1235 1741 1279 1774 ad
1302 1751 1490 1780 numerum,
1514 1741 1690 1775 oculorum
1713 1742 1840 1775 intuitu
1856 1743 1967 1775 minus

78 1785 95 1826 „⁸
124 1790 345 1827 suffi'cienter
365 1791 638 1830 administrabat,
664 1793 740 1835 ipsa
770 1792 842 1825 eius
865 1793 977 1825 animo
1000 1793 1118 1827 innata
1140 1794 1299 1827 militaris
1321 1794 1485 1827 ferocitas
1507 1813 1549 1817 —
1573 1805 1614 1827 ac
1637 1795 1664 1828 si
1687 1795 1765 1838 plus
1794 1795 1877 1838 ipsis
1904 1796 1964 1828 ho-

73 1842 94 1876 z'
123 1844 232 1879 stibus
253 1844 457 1878 necessariis
479 1845 591 1887 copiis
613 1845 805 1878 abundaret
828 1864 869 1869 —
893 1846 1100 1879 sufficienter
1121 1847 1239 1890 itaque
1256 1858 1334 1880 eum
1348 1846 1477 1880 habere
1492 1849 1528 1880 in
1544 1853 1659 1881 mente
1674 1847 1967 1891 repraesentabat3

77 1891 101 1940 ἦ
122 1908 330 1942 suorumque
353 1898 495 1937 animos,
518 1909 603 1941 prae
624 1898 748 1932 timore
770 1899 881 1932 minus
902 1900 1042 1939 hilares,
1066 1899 1192 1934 laetum
1215 1900 1346 1934 vultum
1370 1901 1596 1940 ostendendo,
1619 1901 1794 1944 largisque
1817 1902 1968 1946 ejusdem

82 1943 98 1990 ᾗ
123 1944 274 1997 regionis
294 1952 556 1995 possessionum,
585 1952 904 1996 thesaurorumque,
935 1963 976 1986 ac
1004 1953 1032 1986 si
1059 1953 1129 1998 jam
1160 1954 1416 1993 debellavisset,
1447 1954 1733 1997 promissionibus
1762 1956 1966 1993 recreando,

24 2020 26 2025 ·
83 2007 185 2049 ‘ispe
207 2015 251 2038 ea
271 2004 310 2037 in
331 2010 505 2048 posterum
529 2005 741 2047 accipiendi,
763 2006 792 2038 si
808 2012 944 2039 strenue
959 2016 1075 2039 secum
1091 2017 1195 2050 agere
1211 2006 1332 2046 velint,
1350 2007 1395 2040 ad
1411 2007 1569 2040 militaris
1585 2008 1756 2041 exercitus
1771 2018 1887 2040 secum
1903 2018 1965 2051 pe-

22 2049 25 2058 *
79 2049 89 2079 ’Ῑ
98 2052 111 2094 ,ἶ
120 2057 230 2092 ricula
243 2058 420 2098 tentanda,
435 2068 525 2102 quae
539 2058 765 2092 formidolosa
779 2059 971 2092 aestimatio
987 2059 1244 2099 dehortabatur,
1259 2061 1489 2103 promptiores
1504 2060 1681 2094 reddebat.
1719 2059 1836 2103 Copiis
1851 2061 1966 2104 itaque

84 2113 218 2145 fiunto
231 2110 411 2153 incoeptui
433 2111 547 2155 dignis
569 2121 632 2154 pro
654 2121 716 2154 spe
740 2113 924 2154 apparatis,
946 2113 1028 2146 dum
1051 2122 1158 2146 naves
1178 2124 1242 2156 per
1265 2123 1415 2156 aequora
1438 2114 1607 2155 prudente
1628 2114 1758 2157 remige
1788 2120 1965 2156 reguntur,

115 2173 206 2198 ‘aura
221 2163 291 2197 leni
306 2169 532 2207 prosperante
549 2169 694 2197 ventosa
706 2164 859 2204 carbasa,
871 2175 979 2210 usque
995 2166 1040 2199 ad
1054 2172 1192 2209 portum
1207 2165 1369 2209 placidae
1385 2166 1626 2208 applicationis
1640 2166 1779 2209 impune
1794 2166 1963 2209 recipiun-

21 2211 34 2263 33.
89 2219 193 2261 ‘sture
216 2227 364 2261 parsque
387 2217 507 2250 classis
533 2217 688 2261 applicat
710 2218 746 2250 in
767 2224 904 2262 portum
927 2219 986 2263 qui
1008 2219 1139 2252 Herico
1162 2220 1299 2253 dicitur.
1343 2219 1428 2253 Post
1443 2226 1557 2253 autem
1571 2220 1632 2252 ubi
1648 2219 1769 2252 fluvius
1785 2218 1963 2264 Bayosae⁸

20 2272 29 2309 J
73 2259 100 2315 j‘
116 2269 158 2303 in
179 2280 274 2303 mare
297 2270 424 2308 defluit,
446 2270 587 2313 placido
610 2270 702 2304 litori
724 2272 941 2305 transfertur.
985 2272 1064 2305 Dux
1087 2283 1182 2317 ergo,
1213 2283 1275 2315 pro
1305 2272 1402 2306 libitu
1432 2283 1494 2306 suo
1523 2273 1662 2316 placido
1691 2273 1792 2306 litore
1823 2273 1962 2315 potitus,

18 2335 24 2358 ἢ
121 2322 266 2357 navibus
288 2322 498 2367 digrediens»,
521 2334 614 2362 moX,
637 2329 675 2356 ut
695 2330 822 2357 terram
844 2324 993 2367 pedibus
1016 2325 1139 2369 attigit,
1154 2325 1312 2369 inspecta
1327 2326 1532 2358 amoenitate
1547 2325 1681 2370 situque
1697 2326 1861 2364 locorum,
1877 2325 1959 2358 'suis

31 2369 34 2393 ’·
74 2370 106 2409 st>
121 2375 248 2411 dixisse
270 2376 402 2409 fertur:
432 2375 492 2409 “0
514 2376 697 2410 fortissimi
719 2377 856 2416 milites,
880 2383 914 2411 et
944 2378 1084 2412 honoris
1113 2379 1418 2421 praedecessorum
1449 2389 1519 2411 non
1549 2379 1742 2423 degeneres
1770 2379 1961 2411 haeredes:

16 2456 33 2475 ¹.
125 2427 240 2462 “haec
263 2435 315 2462 est
338 2429 430 2462 enim
451 2429 647 2463 haereditas
676 2429 774 2463 vobis
798 2437 1008 2474 competens,
1039 2442 1102 2474 pro
1126 2431 1193 2465 hac
1223 2432 1459 2475 adipiscenda,
1490 2432 1593 2464 armis
1623 2432 1869 2465 decertandum
1902 2438 1963 2465 est.

17 2526 20 2534 Υ
71 2475 144 2531 ᾆξ’*
154 2481 235 2516 Non
257 2492 320 2515 vos
343 2483 516 2516 deterreat
539 2482 702 2528 ignobilis
724 2484 818 2527 vulgi
842 2491 876 2517 et
898 2484 1090 2524 imbecillis,
1114 2486 1269 2528 quamvis
1299 2495 1512 2523 numerosae,
1542 2485 1768 2518 multitudinis
1798 2485 1962 2527 strepitus

16 2609 19 2625 Α,
208 2598 234 2623 4.
251 2590 348 2624 priore
365 2589 392 2615 P
407 2605 439 2610 —
458 2590 484 2616 6.
503 2591 663 2624 Apulorum
683 2592 740 2617 dux
758 2594 787 2618 et
805 2591 956 2618 Calabriae
975 2593 1076 2618 dlatim
1094 2593 1147 2618 cosi
1165 2593 1191 2618 B
1209 2607 1241 2612 —
1262 2594 1287 2619 8.
1305 2594 1479 2619 ffldruntum
1498 2594 1526 2618 P
1543 2607 1574 2612 —
1593 2601 1618 2626 9.
1639 2593 1782 2626 processu]
1799 2600 1880 2625 posse
1894 2594 1920 2618 B
1932 2594 1962 2618 D

16 2632 35 2670 Il»,
71 2635 106 2665 3':
123 2645 157 2656 ν·-
178 2640 217 2660 u.
236 2634 313 2660 hosti
332 2635 399 2660 BD
417 2648 450 2662 ·.-
472 2641 512 2660 12.
532 2636 566 2660 de
585 2637 668 2661 nocte
687 2637 716 2661 in
734 2637 797 2661 BD
813 2642 890 2668 segue
910 2644 976 2662 vero
995 2649 1008 2656 -
1026 2636 1184 2662 Corofirum
1203 2638 1266 2663 BD
1283 2650 1295 2657 -
1312 2638 1464 2670 Insulaque
1490 2637 1534 2669 de]
1560 2637 1683 2662 Insulam
1702 2637 1825 2668 quodam
1846 2638 1909 2662 BD
1927 2650 1959 2655 -—

31 2673 41 2677 '¹
70 2682 93 2713 ἓξ
119 2681 165 2709 4ἜΊ.
182 2677 364 2702 transfretare
376 2677 444 2701 1³—-
459 2683 500 2702 ιο.
514 2677 720 2711 proficebantur
732 2678 800 2702 Ρ-
815 2684 856 2704 21.
869 2680 938 2712 typo
957 2681 1144 2712 gravarentur
1163 2680 1189 2704 P
1205 2693 1237 2699 -—
1258 2686 1345 2705 21-22.
1366 2680 1499 2705 militaris
1518 2687 1566 2704 om.
1586 2680 1612 2704 B
1631 2693 1663 2698 α-
1678 2685 1719 2704 22.
1737 2680 1798 2703 eius
1815 2686 1865 2704 om.
1883 2679 1912 2704 P
1927 2692 1959 2697 —

74 2714 83 2737 ='
102 2728 106 2738 Ἰε
123 2722 166 2750 25.
182 2717 328 2751 pluquam]
347 2718 470 2752 amplius
488 2726 571 2751 quam
589 2719 654 2744 BD
672 2732 704 2738 —
725 2725 767 2752 27.
785 2721 883 2752 coplas
896 2721 945 2745 P·
958 2722 1122 2754 tempusque
1139 2729 1188 2747 am.
1207 2723 1272 2747 BD
1292 2735 1324 2741 -
1346 2729 1386 2755 ²9·
1408 2720 1514 2754 itaque]
1533 2728 1670 2753 supraque
1687 2722 1715 2747 P
1726 2721 1749 2745 C
1766 2735 1797 2739 —
1817 2727 1858 2754 30.
1873 2721 1960 2754 largis

16 2758 39 2799 23
75 2792 78 2802 Ι
121 2758 150 2784 P
163 2771 196 2780 -
215 2767 257 2793 31.
277 2759 442 2795 recreando]
462 2761 605 2787 narrando
623 2774 658 2780 —-
677 2768 719 2794 32.
738 2762 896 2796 recipiendi
914 2763 941 2787 P
954 2776 963 2782 -
982 2764 1094 2788 strenue
1111 2771 1161 2790 om.
1179 2765 1222 2789 P·
1235 2765 1339 2790 volunt
1352 2765 1419 2788 Ρ-
1433 2771 1475 2796 34.
1487 2763 1599 2796 remige.
1613 2771 1653 2788 om
1668 2764 1731 2790 BD
1745 2776 1777 2782 --
1791 2762 1832 2795 36.
1846 2761 1959 2797 Herico]

16 2838 19 2847 ὁ
122 2800 218 2828 Ηοασο
235 2802 300 2828 BD
318 2803 360 2836 38.
380 2801 503 2837 situque]
522 2805 652 2836 statuque
671 2816 682 2822 -
702 2804 828 2830 locorum
848 2804 919 2837 suls]
938 2806 966 2830 et
984 2806 1042 2831 situ
1061 2806 1120 2831 suls
1138 2807 1203 2831 BD
1223 2821 1254 2825 —
1274 2813 1362 2839 40-41.
1381 2813 1433 2838 pro
1452 2807 1504 2830 hac
1516 2825 1521 2830 .
1533 2825 1538 2830 .
1551 2825 1573 2830 ..
1594 2805 1790 2830 multitudinis
1807 2812 1857 2830 om.
1875 2807 1905 2831 D

31 2908 41 2923 ,⁴
207 2887 217 2906 ⁵
235 2889 328 2916 ΑΒΗΔ
347 2890 458 2920 Coun„
477 2891 498 2921 I,
521 2898 565 2923 143
585 2890 684 2917 ΑΝΟΝ.
707 2892 788 2922 Bm..
801 2893 840 2918 ad
850 2901 911 2918 ann.
927 2893 1009 2919 1081:
1188 2893 1222 2914 Ad
1237 2893 1338 2914 Corisum
1355 2893 1430 2913 mittit.
1461 2892 1524 2912 Haec
1540 2892 1612 2911 insula
1627 2897 1671 2912 non
1687 2891 1764 2917 procul
1781 2891 1835 2912 urbe

16 2927 38 2961 ἐξ
63 2922 86 2959 :12
124 2930 219 2958 clm·
237 2932 319 2958 δτι-νε
336 2934 453 2965 Narem..
472 2935 510 2959 ad
526 2942 586 2959 ann.
609 2934 684 2960 1081.
1191 2926 1266 2947 mm*
1286 2926 1431 2947 Hidrontina.

205 2971 218 2990 ¹
235 2972 321 3001 Gtm..
339 2974 442 3005 Arum„
461 2974 508 3005 lv.
530 2975 596 3010 136:
1153 2977 1164 2994 ³
1183 2979 1206 3005 11
1226 2979 1308 3005 flume
1328 2979 1460 3013 VoJutza.

2021 1594 2096 1618 Mun..
2113 1595 2151 1619 5⁸³

2035 2336 2062 2360 B,
2078 2341 2125 2356 ur

1987 2899 2018 2919 10
