2320 3424
210 472 237 495 C,
252 477 300 492 ’or

200 631 230 654 D,
248 636 285 655 1⁰7
293 638 307 650 v

326 2899 358 2916 10

376 235 422 269 44
954 229 1229 266 GAUFREDI
1257 226 1638 264 MALATERRAE
2049 231 2101 267 [Α.
2121 230 2215 267 10⁶3]

381 359 395 374 “
409 357 524 390 culum
547 366 655 393 suum,
678 355 744 387 nisi
768 352 947 387 offensus?
971 353 1065 385 Deus
1087 357 1216 390 noster,
1240 352 1335 384 Deus
1358 351 1512 390 deorum,
1536 351 1754 394 omnipotens
1777 358 1845 389 θεῖς
1870 357 1905 384 et
1928 351 1971 384 ab
1994 351 2071 394 ipso
2103 349 2214 383 omnis

380 409 559 452 “quidem,
583 408 627 440 de
649 408 724 440 Deo
748 406 918 444 diffidens,
942 404 1086 437 confidit
1115 404 1151 436 in
1182 405 1333 442 homine,
1364 409 1399 436 et
1429 403 1527 450 ponit
1557 413 1695 436 carnem
1725 403 1907 438 brachium
1936 414 2044 437 suum.
2089 403 2215 437 Omnia

379 465 515 505 “regna
536 459 656 492 mundi
680 460 745 492 Dei
768 459 875 491 nostri
899 464 986 496 sunt,
1011 463 1056 497 et,
1079 457 1201 500 quibus
1224 457 1328 496 volet,
1356 455 1444 499 ipse'
1476 456 1699 499 impartietur.
1747 457 1840 491 Gens
1870 457 1937 490 ista
1966 457 2042 490 Deo
2071 456 2214 489 rebellis

378 517 392 533 ⁴⁴
407 521 468 553 est,
491 520 524 546 et
547 513 650 553 vires,
673 523 761 555 quae
785 522 805 543 a
826 511 900 544 Deo
924 521 994 543 non
1016 516 1194 555 reguntur,
1219 509 1318 542 citius
1341 510 1597 542 exhauriuntur.
1643 509 1715 552 Ipsi
1738 510 1774 542 in
1788 510 1915 543 virtute
1930 521 1992 543 sua
2007 510 2214 553 gloriantur-3

380 570 393 585 “
407 577 468 600 nos
492 573 605 599 autem
629 566 673 598 de
696 565 761 598 Dei
783 564 955 607 praesidio
979 563 1092 596 securi
1115 574 1239 596 sumus.
1286 563 1376 595 Nam
1401 572 1515 606 neque
1530 563 1712 595 honestum
1730 568 1782 596 est
1796 563 1957 603 dubitari,
1972 562 2065 607 quod
2082 568 2215 596 certum
2260 562 2294 596 5

377 623 393 639 “
408 626 468 658 est,
490 620 567 652 Deo
592 629 654 651 nos
677 619 920 661 praecedente,
937 617 1031 650 'ante
1048 617 1176 649 faciem
1192 622 1343 649 nostram
1367 627 1436 649 non
1460 626 1561 659 posse
1584 616 1781 650 subsistere:
1805 616 1963 656 Gedeon,
1979 616 2061 660 quia
2082 616 2127 649 de
2149 616 2216 649 Dei
2294 611 2295 615 ¹

379 676 395 691 ‘⁴
409 673 537 706 auxilio
560 683 628 705 non
653 671 831 711 dubitavit,
855 671 890 703 in
911 670 1033 713 paucis
1055 669 1162 702 multa
1184 669 1292 701 millia
1315 669 1462 702 hostium
1487 670 1607 702 stravit
1620 694 1651 710 „.

463 728 553 759 Dum
576 727 659 759 talia
681 735 799 758 versus
823 731 998 758 certamen
1019 724 1240 767 properando
1263 729 1479 766 perorantur,
1502 724 1662 766 apparuit
1678 723 1819 767 quidam
1835 732 1950 767 eques,
1966 722 2168 766 splendidus
2181 723 2219 755 in

376 781 490 820 armis,
515 790 605 823 equo
628 779 706 811 albo
730 779 894 816 insidens,
919 778 1033 810 album
1056 777 1218 809 vexillum
1242 777 1276 808 in
1301 776 1494 809 summitate
1518 776 1652 809 hastilis
1676 776 1849 820 alligatum
1872 776 1988 808 ferens
2010 782 2044 808 et
2067 777 2219 819 desuper
2287 807 2290 808 γ

376 833 594 876 splendidam
618 842 769 870 crucem,
794 831 889 875 quasi
913 842 933 863 a
957 836 1073 863 nostra
1100 830 1175 863 acie
1205 829 1444 873 progrediens,
1474 835 1513 862 ut
1543 836 1677 862 nostros
1707 830 1753 863 ad
1784 834 1958 862 certamen
1989 829 2220 872 promptiores
2245 828 2259 861 l
2284 829 2293 864 ¹⁵.

376 887 552 924 redderet,
568 886 757 918 fortissimo
774 885 906 928 impetu
922 885 1049 923 hostes,
1065 883 1122 916 ubi
1140 883 1317 916 densiores
1332 887 1442 921 erant,
1459 883 1662 925 irrumpens.
1702 881 1783 921 Quo
1798 883 1884 921 viso,
1899 882 2018 920 nostri,
2036 882 2218 915 hilariores

376 940 506 978 effecti,
529 940 638 972 Deum
664 944 890 980 sanctumque
915 937 1105 981 Georgium
1128 937 1380 981 ingeminantes
1402 941 1437 969 et
1459 947 1542 979 prae
1565 936 1692 981 gaudio
1715 942 1830 969 tantae
1846 935 1989 969 visionis
2005 935 2218 978 compuncti,

377 993 535 1026 lacrimas
558 992 750 1029 fundendo,
773 992 885 1034 ipsum
910 991 1177 1034 praecedentem
1208 990 1461 1032 promptissime
1491 989 1665 1023 subsecuti
1695 995 1785 1023 sunt.
1832 990 1952 1022 Visum
1976 988 2078 1021 etiam
2103 988 2169 1022 fuit
2199 999 2220 1021 a

375 1047 529 1089 pluribus
552 1047 587 1078 in
611 1046 803 1078 summitate
826 1045 959 1077 hastilis
984 1044 1118 1077 comitis
1141 1043 1301 1076 vexillum
1333 1043 1546 1086 dependenS,
1577 1053 1716 1076 crucem
1746 1043 1938 1081 continens,
1970 1053 1990 1075 a
2021 1041 2126 1081 nullo,
2155 1041 2220 1075 nisi
2295 1081 2298 1082 ⁷

377 1100 549 1138 divinitus,
572 1099 775 1142 appositum.
821 1098 947 1130 Comes
970 1107 1054 1140 ergo
1077 1097 1168 1129 aciei
1190 1107 1271 1129 suae
1287 1096 1415 1139 primos
1431 1097 1640 1135 exhortatus,
1657 1095 1846 1130 Arcadium
1863 1096 1908 1128 de
1924 1095 2073 1128 Palerna
2085 1095 2108 1135 ¹,
2123 1105 2220 1128 suam
2245 1091 2299 1127 1⁵9¹

376 1152 500 1192 aciem,
522 1153 648 1184 nostris
671 1151 906 1194 exprobando,
937 1150 1188 1193 promptissime
1216 1148 1491 1188 antecedentem,
1523 1154 1559 1182 et
1588 1149 1786 1192 splendenti
1817 1148 1990 1181 clamucio
2001 1147 2024 1187 ²,
2054 1157 2124 1191 quo
2153 1156 2219 1191 pro
2295 1149 2298 1150 ⁷

377 1205 486 1238 lorica
508 1206 680 1245 utebatur,
705 1210 880 1244 armatum,
906 1203 1090 1237 certamine
1114 1203 1210 1241 inito,
1234 1203 1423 1235 fortissimo
1446 1213 1634 1246 congressu
1657 1202 1771 1235 hastili
1787 1202 1912 1235 robore
1929 1202 2116 1246 dejectum,
2140 1210 2218 1234 cae-

376 1259 457 1291 teris
479 1265 607 1291 metum
630 1258 811 1298 incutiens,
835 1257 1022 1290 interfecit.
1069 1257 1154 1289 Erat
1176 1256 1268 1288 enim
1292 1256 1382 1288 inter
1404 1266 1483 1289 suos
1506 1256 1626 1289 militia
1648 1255 1952 1299 praeclarissimus,
1976 1255 2034 1288 cui
2055 1254 2160 1288 etiam
2181 1254 2218 1287 in

378 1313 479 1344 armis
501 1313 672 1344 neminem
694 1311 854 1344 resistere
876 1321 977 1354 posse
1001 1310 1183 1353 putabant3
1207 1316 1242 1342 et
1265 1310 1481 1348 clamucium,
1505 1319 1574 1353 quo
1590 1310 1731 1342 indutus
1747 1315 1831 1348 erat,
1849 1309 1952 1341 nullis
1966 1308 2070 1341 armis
2084 1313 2222 1351 poterat

377 1366 509 1404 violari,
534 1365 598 1397 nisi
621 1366 664 1398 ab
688 1366 757 1397 imo
780 1365 814 1396 in
838 1364 993 1406 superius
1016 1364 1241 1407 impingendo
1265 1363 1355 1396 inter
1379 1363 1448 1395 duo
1471 1363 1598 1405 ferrea,
1621 1373 1709 1406 quae
1731 1373 1794 1405 per
1822 1361 2001 1405 juncturas
2023 1371 2100 1394 cum
2124 1365 2218 1394 cate-
2241 1361 2301 1394 20

377 1425 457 1452 nata
479 1425 568 1457 sunt,
593 1419 735 1462 ingenio
758 1418 872 1461 potius
896 1429 997 1461 quam
1020 1417 1149 1450 viribus
1171 1417 1393 1449 inviceretur.
1439 1417 1528 1449 Dum
1554 1417 1670 1459 itaque
1687 1416 1858 1459 utrimque
1874 1415 2013 1448 fortiter
2026 1413 2222 1454 dimicatur,
2301 1411 2303 1414 ⁴

378 1474 496 1512 nostri,
520 1483 663 1505 numero
686 1472 798 1515 pauci,
828 1471 1040 1505 multitudini
1068 1471 1257 1504 intermixti
1286 1471 1336 1503 ita
1367 1470 1677 1508 concludebantur,
1707 1474 1745 1502 ut
1775 1470 1833 1502 vix
1863 1468 1987 1512 aliquis
2017 1474 2220 1506 nostrorum,

377 1527 442 1559 nisi
465 1526 568 1558 armis
591 1526 657 1559 sibi
680 1526 770 1558 viam
793 1525 969 1563 faciendo,
993 1525 1173 1557 tumultum
1189 1524 1440 1566 interrumpere
1456 1529 1582 1566 posset.
1630 1523 1798 1556 Videntes
1814 1528 1926 1555 autem
1942 1527 2077 1555 nostros
2093 1526 2221 1554 tantam

379 1579 650 1612 condensitatem
674 1579 889 1611 inimicorum
912 1588 1124 1622 paganorom
1149 1588 1189 1611 ac
1214 1577 1445 1610 Siciliensium
1469 1595 1511 1600 —
1535 1577 1634 1609 simul
1650 1576 1868 1609 existentium
1884 1581 1919 1608 et
1935 1574 2221 1608 circumdantium
2299 1609 2302 1616 ὲ

377 1644 413 1665 se
438 1633 585 1665 hostium
610 1651 650 1655 —
674 1632 872 1670 sternendo,
894 1637 933 1664 ut
955 1643 976 1664 a
998 1631 1129 1664 furenti
1150 1637 1254 1664 vento
1277 1630 1365 1664 solet
1389 1630 1609 1663 condensitas
1631 1629 1833 1662 nebularum
1864 1627 2031 1671 disrumpi
2059 1632 2096 1661 et
2116 1625 2220 1660 sicuti
2243 1625 2286 1659 25
2301 1630 2305 1645 ·’

378 1686 612 1719 velocissimos
634 1685 819 1728 accipitres
841 1685 1052 1718 imbecillem
1068 1684 1203 1717 turbam
1220 1684 1332 1717 avium
1350 1684 1539 1726 disruptam
1556 1690 1722 1721 sternere,
1738 1683 1800 1715 sed
1817 1692 1895 1714 cum
1912 1682 2017 1725 longo
2033 1680 2222 1714 certamine
2297 1673 2300 1692 ³

378 1740 534 1784 grassati,
557 1739 686 1773 diutius
709 1745 901 1772 nostrorum
923 1738 1184 1771 infestationem
1206 1738 1301 1770 ferre
1325 1748 1394 1770 non
1417 1737 1669 1780 praevalentes,
1693 1736 1777 1780 fuga
1800 1745 1838 1767 se
1860 1735 1958 1774 tueri,
1982 1734 2095 1777 potius
2117 1744 2219 1779 quam

379 1793 481 1825 armis
502 1793 667 1825 nituntur.
713 1792 841 1830 Nostri,
865 1792 1028 1824 audacter
1050 1792 1283 1835 insequentes,
1307 1796 1479 1823 extremos
1502 1800 1657 1834 quosque
1675 1788 1846 1827 cedendo,
1862 1788 2045 1831 perimunt.
2091 1786 2219 1831 Sicque

378 1847 529 1878 victores
551 1846 680 1884 effecti,
703 1847 749 1878 ad
772 1845 971 1888 quindecim
993 1845 1102 1877 millia
1126 1855 1171 1877 ex
1192 1843 1349 1877 hostibus
1372 1843 1619 1877 occubuerunt.
2297 1874 2309 1886 ἶ,

467 1900 584 1932 Nostri
606 1900 733 1943 itaque,
756 1898 1018 1941 triumphalibus
1033 1898 1152 1942 spoliis
1168 1898 1292 1936 onusti,
1306 1908 1415 1941 usque
1430 1898 1475 1930 ad
1491 1897 1638 1930 hostium
1656 1901 1768 1929 castra
1783 1895 2031 1939 regredientes,
2047 1894 2082 1927 in
2099 1904 2219 1928 eorum
2242 1894 2286 1927 :30
2300 1906 2302 1936 j

378 1953 532 1986 tentoriis
547 1953 772 1995 hospitantur,
788 1952 938 1985 camelos
954 1958 988 1984 et
1002 1951 1136 1994 reliqua
1150 1951 1273 1992 omnia,
1289 1961 1379 1994 quae
1395 1951 1611 1989 invenerunt,
1628 1949 1691 1982 sibi
1707 1948 1935 1982 vindicantes.
1981 1948 2022 1980 In
2039 1947 2222 1981 crastinum

378 2016 461 2039 vero
484 2006 618 2049 pedites
642 2006 686 2038 ad
710 2005 830 2049 viginti
852 2005 969 2043 millia,
993 2005 1052 2048 qui
1069 2005 1244 2048 fugientes
1258 2003 1418 2047 scopulos
1435 2009 1470 2036 et
1486 2008 1674 2046 praerupta
1689 2001 1813 2035 montis
1829 2006 2097 2044 occupaverant,
2111 2011 2222 2044 oppu-

380 2065 535 2103 gnantes,
558 2059 704 2102 plurima
727 2069 770 2091 ex
792 2065 891 2102 parte
915 2058 1097 2101 perimunt,
1120 2059 1271 2102 reliquos
1293 2067 1376 2090 vero
1400 2056 1602 2091 debella'tos
1625 2055 1827 2094 vendentes,
1850 2054 2033 2099 pecuniam
2054 2054 2221 2087 infinitam

379 2113 566 2156 accipiunt.
612 2112 684 2145 Sed
707 2123 797 2152 cum,
820 2112 1022 2155 aliquandiu
1053 2111 1103 2144 ibi
1134 2111 1347 2151 commorati,
1378 2111 1514 2143 foetore
1546 2109 1757 2152 putrentium
1789 2109 1998 2141 cadaverum
2027 2107 2223 2141 occisorum
2306 2147 2307 2150 Ἴ

380 2166 527 2199 hostium
549 2172 786 2210 gravarentur,
808 2166 978 2198 foetorem
1000 2165 1238 2205 abhorrentes,
1261 2164 1439 2208 Traynam
1462 2163 1592 2196 reversi
1617 2168 1704 2195 sunt.
2245 2160 2286 2193 :35
2310 2179 2317 2206 3

469 2219 596 2252 Comes
618 2220 694 2252 Deo
718 2225 753 2252 et
768 2225 888 2252 sancto
905 2217 1022 2257 Petro,
1040 2218 1137 2252 cuius
1151 2218 1346 2261 patrocinio
1363 2223 1493 2250 tantam
1508 2216 1690 2249 victoriam
1705 2226 1742 2249 se
1758 2216 1922 2258 adeptum
1937 2213 2222 2258 recognoscebat,
2312 2207 2317 2216 ⁵

379 2274 423 2306 de
445 2273 572 2306 collato
595 2273 661 2306 sibi
684 2272 854 2305 beneficio
881 2282 951 2304 non
981 2272 1136 2315 ingratus
1165 2271 1327 2310 existens,
1349 2271 1386 2303 in
1410 2269 1644 2303 testimonium
1668 2269 1838 2302 victoriae
1861 2278 1944 2301 suae
1966 2278 2028 2311 per
2050 2267 2223 2312 quendam

381 2337 530 2364 suorum,
554 2325 692 2358 nomine
714 2324 914 2364 Meledium,
940 2325 1090 2357 camelos
1120 2330 1291 2368 quattuor,
1322 2334 1408 2367 quos
1437 2323 1527 2356 inter
1557 2322 1692 2365 reliqua
1722 2321 1845 2364 spolia,
1875 2322 1972 2354 hoste
2001 2320 2222 2364 triumphato,

471 2464 494 2481 x.
513 2464 593 2481 suum
611 2464 660 2481 om.
680 2456 708 2482 Ρ
724 2468 735 2474 -
755 2454 824 2489 nisi]
843 2463 900 2480 non
919 2455 945 2479 B
962 2468 973 2474 -
992 2455 1080 2488 Deus]
1099 2455 1241 2480 Dominus
1260 2456 1289 2480 D
1307 2468 1339 2472 —
1361 2460 1384 2478 2.
1405 2452 1530 2486 quidem]
1551 2454 1599 2485 qui
1620 2453 1653 2478 de
1676 2453 1737 2477 PC
1759 2465 1791 2470 —-
1816 2460 1841 2484 4.
1867 2459 1954 2484 ocyus
1977 2452 2006 2476 Ρ
2026 2464 2061 2470 -
2085 2455 2110 2483 5.
2134 2448 2223 2485 quod]

380 2507 450 2531 quos
469 2500 496 2523 P
513 2512 546 2517 -
567 2504 591 2529 7.
609 2496 747 2531 hostium]
765 2498 913 2522 hominum
932 2497 998 2522 BD
1016 2511 1048 2516 —
1067 2497 1091 2523 8.
1112 2498 1227 2529 quidam
1245 2504 1292 2522 om.
1315 2498 1380 2522 BD
1397 2509 1432 2514 -
1453 2503 1493 2520 ro.
1513 2497 1541 2520 et
1559 2496 1638 2528 quasi
1658 2495 1686 2520 P
1703 2509 1735 2514 —-
1758 2501 1797 2519 11.
1817 2493 1877 2528 ubi]
1894 2496 1926 2519 ut
1944 2494 1991 2519 1²-
2005 2493 2132 2519 visoom.
2148 2492 2219 2519 ³-

384 2547 423 2566 12.
442 2541 647 2574 ingeminando
665 2541 694 2566 P
710 2554 742 2558 —
765 2547 805 2572 ¹3-
824 2541 889 2564 sunt
908 2541 996 2564 secuti
1014 2540 1039 2563 P
1054 2553 1063 2558 -
1083 2540 1139 2564 suit
1157 2547 1206 2564 om.
1226 2539 1287 2564 PC
1303 2553 1336 2556 —
1358 2545 1397 2572 17.
1418 2539 1525 2563 utimur
1543 2538 1572 2562 P
1589 2550 1622 2556 -
1649 2537 1688 2562 18.
1704 2538 1734 2561 in
1753 2544 1803 2562 om.
1823 2537 1888 2562 BD
1907 2549 1939 2554 —
1962 2543 2001 2568 19.
2021 2534 2222 2568 clamuneium]

381 2584 537 2608 clavicuius
556 2583 620 2608 BD
638 2596 671 2600 —
691 2589 782 2607 20-21.
801 2590 863 2607 cum
883 2580 1023 2614 catenata]
1041 2583 1068 2606 et
1087 2583 1236 2607 cathenata
1254 2581 1318 2606 BD
1334 2595 1368 2599 —
1388 2587 1432 2606 αι.
1451 2580 1562 2605 viribus
1582 2578 1786 2612 invinceretur]
1804 2581 1832 2604 vi
1854 2579 2005 2604 vitiaretur
2022 2578 2052 2604 P
2067 2590 2100 2596 -
2114 2583 2157 2603 2².
2170 2585 2220 2604 nu-

383 2626 452 2651 meri
472 2627 499 2651 P
516 2639 548 2644 —-
569 2632 611 2657 23.
630 2626 707 2650 viam
725 2632 774 2649 om.
791 2625 853 2650 ΡΟ
870 2637 878 2642 -
898 2623 1004 2648 videns
1024 2624 1072 2648 P-
1091 2626 1200 2649 tantam
1219 2632 1267 2649 om.
1287 2624 1344 2648 PC
1363 2636 1395 2641 —
1415 2629 1457 2655 ²4·
1471 2623 1654 2647 inimieorum
1667 2641 1673 2646 .
1684 2639 1691 2647 .
1702 2638 1726 2646 ..
1741 2624 1770 2647 et
1781 2629 1831 2646 om.
1844 2622 1904 2646 PC
1916 2634 1947 2639 —
1962 2625 2005 2652 25.
2019 2620 2142 2646 ferventi
2155 2620 2222 2646 BD

382 2683 414 2687 —
433 2667 475 2694 26.
495 2667 671 2693 velocissimi
689 2667 714 2691 P
729 2680 741 2686 -
759 2667 917 2698 disruptam
935 2673 983 2690 om.
1002 2666 1064 2691 BD
1083 2679 1115 2684 —
1135 2672 1176 2698 27.
1196 2673 1224 2691 se
1243 2674 1292 2691 om.
1311 2666 1340 2691 P
1356 2679 1388 2684 —
1409 2671 1497 2698 ²9-30·
1510 2665 1611 2697 SIcque
1623 2683 1628 2689 .
1639 2681 1646 2689 .
1657 2664 1886 2689 ..occubuerunt
1898 2671 1945 2688 om.
1960 2664 2026 2688 BD
2037 2675 2071 2681 —
2083 2668 2126 2695 32.
2140 2669 2221 2687 occu-

382 2712 480 2743 pantes
498 2710 524 2734 B
543 2724 575 2728 -
595 2717 638 2742 34.
657 2710 697 2734 ibi
717 2717 765 2734 om.
785 2709 813 2733 P
829 2721 839 2726 -
859 2707 1046 2741 putrentium]
1065 2709 1214 2741 putredine
1232 2710 1262 2733 D

473 2806 479 2821 ¹
500 2808 513 2831 1
532 2807 614 2832 codd.
632 2807 729 2832 hanno
751 2805 895 2832 “Falerna
904 2823 929 2838 „.
965 2805 1021 2836 Ma,
1042 2806 1160 2831 tacendo
1180 2807 1235 2831 mie
1248 2807 1274 2831 le
1326 2813 1427 2839 guerra
1446 2806 1588 2831 siciliana.

385 2850 579 2874 osservazioni
592 2850 775 2880 den’AuAm,
788 2849 835 2879 III,
848 2855 891 2882 99,
906 2849 928 2874 11
942 2848 1023 2880 quale
1038 2848 1117 2872 crede
1135 2848 1185 2872 che
1204 2848 1274 2872 l'Ar-
1416 2845 1428 2863 ²
1444 2847 1468 2872 11
1488 2847 1643 2876 Ducfflorz
1665 2847 1839 2875 Glossarium,
1858 2846 1895 2870 ad
1910 2853 1934 2870 v.
1953 2845 2033 2870 crede
2051 2844 2102 2869 che
2126 2843 2223 2868 clamu-
2252 2849 2283 2876 15
2317 2848 2320 2869 ῐ

383 2892 475 2916 cadius
493 2892 537 2916 del
558 2892 708 2916 Malaterra
727 2892 913 2924 corrisponda
927 2890 1063 2916 ail'arabo
1082 2890 1155 2914 Kald
1168 2904 1199 2908 —-
1215 2898 1273 2915 non
1328 2892 1399 2915 cium
1417 2890 1506 2915 debba
1525 2897 1614 2915 essere
1632 2897 1688 2914 una
1707 2889 1874 2914 corruzione
1900 2888 1929 2912 di
1953 2887 2107 2916 cumacinam,
2133 2885 2223 2912 ch’ern

385 2941 401 2957 a
426 2934 507 2963 Kadi,
532 2940 611 2958 come
637 2935 660 2958 si
686 2932 700 2958 ὲ
725 2935 864 2968 supposto
890 2947 933 2964 —,
959 2933 1073 2964 ritengo
1101 2933 1151 2957 che
1176 2934 1223 2964 qui
1250 2934 1273 2956 si
1329 2940 1385 2958 uns
1405 2934 1481 2957 sorte
1506 2933 1535 2957 di
1555 2939 1670 2958 corazza
1695 2931 1835 2957 orientale
1853 2938 1870 2955 a
1896 2929 2008 2962 maglie,
2028 2937 2081 2954 con
2099 2929 2122 2954 ll
2141 2929 2222 2962 petto

384 2976 467 3000 tratti
487 2975 531 3000 del
549 2976 626 3000 Kald
642 2975 673 2998 d!
688 2976 818 3005 Palem,
836 2976 864 3000 la
883 2976 929 3000 cui
948 2975 1091 3000 armatura
1109 2975 1132 2999 ll
1149 2974 1189 2999 M.
1208 2972 1276 2999 avr&
1329 2975 1362 2999 ed
1383 2975 1404 2999 il
1431 2975 1516 2999 dorso
1541 2975 1676 3007 ricoperti
1697 2974 1727 2999 di
1747 2974 1853 2999 lamine
1872 2973 1902 2997 di
1921 2972 2040 3001 accinio,
2060 2979 2075 2996 a
2093 2972 2175 3004 guin
2192 2971 2221 2995 di

386 3016 463 3040 forse
483 3017 587 3041 veduto
601 3017 645 3041 fra
659 3018 667 3041 i
681 3017 787 3042 ricordi
802 3018 852 3043 che
865 3018 887 3042 ii
907 3016 1000 3042 Conte
1014 3023 1187 3042 conservava
1199 3016 1274 3042 della
1330 3023 1451 3048 squame.
