2320 3424
121 226 207 265 [ΔΑ.
226 229 425 266 loss-105⁵]
496 225 567 262 DE
594 227 763 263 REBUS
791 227 967 264 GESTIS
995 228 1214 264 ROGERII
1241 229 1454 266 COMITIS
1482 230 1596 266 ETC.
1923 227 1964 269 17

55 342 67 371 '³
120 345 382 380 utaudaciores
404 347 579 388 redderet,
601 349 671 393 jam
695 350 771 394 quis
793 356 895 390 esset,
916 351 1062 394 aperuit.
1110 351 1322 386 Guiscardus
1344 353 1476 396 inquit:
1505 353 1520 369 “
1534 353 1667 386 Adsum
1682 353 1857 396 particeps
1873 352 1968 385 labo-

125 398 201 431 ‘ris
221 399 346 432 vestri!
370 399 453 433 Sine
477 412 532 434 me
556 402 605 434 nil
621 403 769 445 periculi
783 404 974 447 patiemini.
1013 405 1109 438 Forti
1124 406 1239 438 animo
1255 411 1374 444 estote,
1398 412 1433 439 et
1448 406 1662 450 insurgamus
1677 405 1853 440 hostibus!
1877 405 1967 438 Nam

126 450 241 490 “De0‚
271 452 412 486 fortuna
442 461 679 498 prosperante,
709 457 816 490 facile
845 457 1121 500 praevalebimus
1134 458 1141 490 1
1156 483 1170 499 „
1206 459 1284 492 Hoc
1315 458 1418 498 dixit;
1452 466 1486 492 et
1516 460 1673 493 hostibus
1707 470 1784 492 cum
1818 460 1965 492 maximo

56 541 59 547 1
121 505 239 539 furore
262 516 461 547 occurrens,
484 507 568 541 dum
591 515 711 549 certat,
734 510 874 544 'multos
897 511 1048 555 perimit,
1072 512 1189 555 plures
1212 513 1316 556 capit,
1346 513 1498 556 reliquos
1526 513 1636 557 fugat,
1668 514 1778 546 victor
1808 513 1963 546 efficitur.

56 558 96 591 :5
117 557 258 603 Sicque,
281 560 550 603 triumphalibus
571 563 691 606 spoliis
713 565 834 607 captis,
858 565 902 598 de
926 565 1103 608 peditibus
1132 567 1201 598 suis
1232 568 1368 610 equites
1397 567 1499 604 secit;
1533 567 1683 610 denique
1712 567 1783 610 jam
1812 577 1965 605 securus,

67 643 71 654 ,1
119 613 276 656 captivos
299 624 417 648 secum
441 615 582 655 ducens,
605 618 796 659 praecedit,
812 619 941 660 paucis,
957 619 1016 663 qui
1030 620 1196 663 praedam
1219 626 1299 663 post
1320 631 1357 652 se
1381 621 1522 659 ducant,
1544 621 1687 654 relictis.
1731 620 1863 654 Milites
1885 630 1966 653 vero

56 669 70 702 ζ’
118 665 183 705 sui,
208 677 287 700 cum
308 667 379 712 jam
404 668 463 701 lux
487 675 579 702 esset
600 675 636 703 et
657 681 717 704 eos
739 671 789 704 ita
817 678 967 705 armatos
997 683 1106 716 usque
1138 679 1286 706 castrum
1318 673 1507 706 adventare
1539 684 1714 717 cognosce
1715 673 1812 712 'rent,
1843 674 1959 706 hostes

59 718 63 775 1
118 720 293 763 suspicati,
317 721 494 755 dominum
515 733 624 762 suum,
646 724 707 757 ubi
729 731 820 759 esset
842 726 1050 766 nescientes,
1074 737 1135 769 per
1158 732 1266 759 totum
1290 732 1439 759 castrum
1471 727 1621 760 clamore
1650 728 1838 771 requirunt.
1883 726 1963 759 Non

58 791 72 808 ρ
116 771 345 814 invenientes,
372 775 566 814 turbantur-3
597 777 764 810 audacter
792 783 909 811 tamen
940 784 1054 811 castro
1077 779 1305 821 prosilientes,
1336 779 1416 819 illis,
1449 790 1517 823 quo
1548 780 1661 813 hostes
1691 781 1962 823 suspicabantur,

69 863 75 874 1
117 835 302 861 occurrere
326 829 537 864 accelerant.
581 829 690 864 Porro
715 831 930 864 Guiscardus
952 843 1088 876 equum,
1112 832 1149 865 in
1172 843 1241 876 quo
1256 833 1412 872 sedebat,
1429 834 1624 867 calcaribus
1641 844 1777 878 urgens,
1794 834 1862 867 alta
1877 844 1964 867 voce

62 868 73 904 ἶ
116 879 348 914 Guiscardum
371 883 618 927 ingeminando
643 885 803 918 accurrit.
849 885 988 928 Sicque,
1011 886 1148 930 agnitus
1171 886 1215 918 ab
1237 886 1316 925 illis,
1340 887 1384 919 de
1400 887 1596 929 praesentia
1611 898 1671 920 sua
1686 893 1721 920 et
1737 888 1780 920 de
1798 888 1966 920 felicitate

66 967 70 980 1
115 933 277 967 fortunae
289 945 408 969 omnes
420 936 548 970 hilares
562 938 688 971 reddit.
733 939 974 982 Redarguitur
987 945 1103 972 tamen
1118 940 1302 982 plurimum
1316 940 1360 972 ab
1372 940 1467 982 ipsis,
1484 942 1577 983 quod
1593 940 1676 973 talia
1687 941 1964 984 praesumpserit,

60 995 74 1036 s
115 993 151 1020 et
172 998 216 1021 ne
239 988 383 1022 ulterius
414 995 620 1033 praesumat,
648 991 863 1031 admonetur,
894 1003 939 1025 ne
969 993 1061 1026 forte
1092 993 1244 1031 fortuna,
1275 1003 1365 1036 quae
1396 1004 1487 1025 nunc
1519 994 1644 1033 arrisit,
1676 995 1903 1036 postmodum,
1934 994 1962 1026 si

66 1089 68 1093 1
116 1046 315 1084 temptetur,
337 1044 375 1075 in
398 1044 497 1087 pejus
520 1044 634 1078 cedat.
679 1044 740 1078 Sic
765 1051 915 1078 castrum
938 1047 1071 1089 praeda
1093 1051 1127 1078 et
1149 1046 1389 1089 redemptione
1411 1047 1628 1089 captivorum
1650 1047 1776 1087 ditans,
1793 1047 1959 1081 Calabros

54 1104 62 1131 ·2
75 1092 94 1126 5
118 1094 248 1128 crebris
270 1096 526 1130 incursionibus
547 1097 731 1140 plurimum
755 1098 940 1132 lacessivit.

207 1192 323 1226 XVII.
346 1212 389 1217 -
413 1194 574 1234 Qualiter
596 1205 679 1228 vero
701 1194 843 1229 Petrum
868 1197 913 1229 de
937 1197 1023 1229 Tira
1037 1196 1057 1235 ¹,
1080 1198 1140 1240 qui
1165 1198 1259 1240 apud
1290 1198 1504 1231 Bisinianum
1535 1198 1744 1239 morabatur,
1776 1200 1962 1242 acceperit,

55 1239 70 1266 *³
116 1245 254 1279 silentio
276 1248 567 1289 praetereundum
588 1258 659 1281 non
681 1255 743 1282 est.
790 1250 875 1283 Erat
896 1250 1026 1294 quippe
1047 1251 1142 1283 idem
1163 1250 1288 1284 Petrus
1311 1251 1495 1284 ditissimus
1519 1252 1604 1285 civis
1627 1252 1875 1292 bisinianensis,
1902 1254 1964 1285 sed

53 1307 61 1321 ’-
117 1305 164 1338 et,
180 1299 326 1333 consilio
342 1305 378 1333 et
393 1300 518 1334 virtute
535 1301 681 1335 caeteris
698 1302 910 1345 perpollens,
927 1302 1085 1336 omnibus
1099 1304 1370 1347 principabatur.
1403 1305 1505 1338 Soliti
1522 1311 1637 1339 autem
1653 1312 1751 1338 erant
1764 1306 1965 1338 multotiens

54 1391 55 1395 1
115 1353 303 1386 convenire
325 1354 384 1386 hic
407 1360 442 1387 et
463 1354 643 1388 Robertus
667 1355 891 1395 Guiscardus‚
915 1357 1013 1399 quasi
1036 1357 1083 1390 ad
1113 1357 1292 1400 placitum,
1325 1359 1369 1391 de
1400 1358 1557 1401 pluribus
1588 1359 1842 1397 controversiis,
1873 1369 1962 1403 quae

59 1415 73 1428 2¹
116 1406 208 1439 inter
241 1417 320 1439 suos
351 1407 569 1441 eveniebant.
615 1408 726 1442 Porro
757 1409 981 1449 Guiscardus‚
1013 1421 1091 1443 cum
1124 1411 1228 1443 sciret
1258 1421 1335 1443 eum
1364 1412 1512 1444 maxima
1542 1413 1690 1454 pecunia
1719 1411 1897 1445 abundare
1929 1418 1963 1444 et

62 1454 64 1456 ’
117 1469 201 1502 prae
218 1461 366 1494 caeteris
389 1467 501 1494 castro
525 1462 708 1502 dominari,
731 1463 846 1506 coepit
867 1464 983 1497 animo
998 1469 1158 1503 tractare,
1175 1465 1323 1508 qualiter
1338 1471 1455 1508 posset
1470 1471 1619 1498 castrum
1635 1466 1791 1499 obtinere
1808 1472 1843 1498 et
1857 1476 1962 1508 pecu-

117 1513 220 1552 niam,
243 1525 346 1557 quam
370 1515 581 1557 possidebat,
605 1515 815 1550 abstrahere.
862 1515 968 1555 Quod
991 1528 1108 1550 secum
1132 1517 1192 1550 diu
1215 1519 1409 1557 revolvens,
1433 1520 1586 1558 tandem,
1610 1519 1756 1552 consilio
1784 1530 1862 1551 cum
1893 1519 1962 1551 suis

58 1575 60 1577 ·
116 1566 245 1606 habito,
269 1569 419 1611 quadam
444 1568 513 1608 die,
535 1569 632 1602 nullo
655 1569 800 1604 foedere
823 1570 1039 1614 interposito,
1063 1577 1162 1604 extra
1185 1578 1334 1604 castrum
1357 1571 1608 1611 Bisinianense,
1630 1573 1666 1604 in
1689 1583 1822 1615 campo,
1839 1572 1876 1604 in
1892 1582 1961 1614 quo

13 1665 14 1668 1
46 1615 60 1658 ἶ
116 1619 269 1664 colloqui
281 1627 543 1660 consueverant,
560 1632 638 1655 cum
655 1624 907 1663 convenissent,
924 1624 1147 1663 Guiscardus‚
1163 1624 1286 1658 videns
1301 1626 1482 1658 maximam
1498 1625 1751 1659 multitudinem
1767 1636 1844 1658 cum
1861 1625 1963 1658 Petro

76 1673 94 1706 5
117 1674 264 1714 venisse,
288 1675 409 1708 nuntio
431 1676 633 1718 praemisso,
657 1677 808 1716 mandat,
831 1688 868 1710 se
891 1677 943 1710 illi
966 1678 1176 1711 multitudini
1198 1679 1430 1712 intermisceri
1454 1679 1558 1718 nolle,
1580 1690 1624 1712 ne
1647 1680 1740 1712 sorte
1763 1680 1853 1712 inter
1869 1679 1964 1722 ipsos

51 1722 53 1727 ’
117 1728 280 1761 tumultus
303 1739 346 1762 ex
369 1728 485 1772 aliqua
507 1740 545 1762 re
567 1730 683 1763 fieret:
707 1731 780 1768 sed,
803 1730 941 1775 longius
963 1731 1130 1774 promotis
1155 1732 1333 1776 utriusque
1356 1733 1465 1775 partis
1488 1733 1603 1773 sociis,
1625 1733 1693 1776 ipsi
1724 1734 1794 1766 duo
1824 1733 1860 1764 in
1891 1743 1964 1765 me-

117 1779 211 1814 dium
235 1780 440 1815 collocuturi
464 1789 712 1816 convenerunt.
757 1782 985 1817 Praedixerat
1007 1790 1120 1817 tamen
1145 1785 1214 1817 suis
1237 1785 1320 1828 quid
1344 1786 1463 1819 facere
1488 1786 1705 1828 disponebat,
1729 1791 1778 1826 ut,
1802 1796 1879 1818 cum
1907 1796 1965 1818 ne-

35 1871 53 1880 11
118 1843 213 1867 cesse
236 1834 340 1873 foret,
362 1834 429 1868 sibi
451 1835 553 1869 citius
575 1835 740 1869 auxilium
763 1836 982 1879 praeberent.
1027 1837 1249 1871 Assentiente
1272 1839 1390 1882 itaque
1414 1839 1521 1872 Petro
1545 1839 1599 1872 his
1626 1849 1713 1883 quae
1730 1849 1750 1871 a
1767 1839 1963 1872 Guiscardo

53 1887 59 1895 ”
115 1887 277 1921 mandata
299 1894 387 1927 sunt,
410 1888 478 1922 sibi
499 1889 614 1922 minus
636 1889 863 1932 prospiciens,
895 1891 997 1925 sociis
1027 1902 1046 1924 a
1077 1892 1182 1935 longe
1214 1892 1374 1931 dimissis,
1404 1893 1479 1935 ipse
1511 1892 1628 1925 medio
1659 1893 1739 1925 loco
1770 1892 1962 1926 Guiscardo

21 1998 24 2005 '
56 1999 61 2033 j
117 1995 265 2028 scessuri
289 2002 520 2040 assurgerent,
544 1996 765 2040 Guiscardus‚
790 1998 996 2031 enormitate
1020 2005 1055 2033 et
1078 1999 1168 2033 mole
1191 1999 1347 2043 corporis
1370 1999 1463 2032 illius
1479 2000 1649 2043 inspecta,
1664 1999 1790 2032 viribus
1808 1999 1878 2032 suis
1901 1999 1962 2030 mi-

19 2039 22 2046 ’
60 2063 65 2086 ·.
117 2058 182 2081 nus
203 2048 361 2083 diffidens
383 2066 426 2073 ——
448 2056 522 2083 erat
544 2050 636 2083 enim
659 2050 696 2083 in
720 2050 877 2084 omnibus
899 2053 1297 2096 praesumptuosissimus
1319 2059 1354 2086 et
1375 2064 1575 2097 magnamm
1591 2064 1703 2086 rerum
1719 2053 1963 2086 audacissimus

117 2106 338 2145 attemptator
360 2122 401 2128 -
425 2103 567 2136 Petrum
589 2114 652 2147 per
673 2105 825 2138 medium
849 2105 1050 2148 corripiens,
1073 2106 1165 2139 collo
1180 2107 1395 2150 suppositum
1412 2117 1531 2140 versus
1546 2117 1626 2140 suos
1641 2113 1818 2150 asportare
1835 2106 1962 2148 coepit.

117 2153 391 2189 Accurrentibus
411 2157 528 2200 itaque
551 2158 728 2201 utriusque
750 2158 867 2197 sociis,
890 2159 1196 2198 Bisinianensibus,
1219 2166 1258 2193 ut
1280 2160 1420 2193 Petrum
1443 2166 1614 2200 eruerent,
1638 2159 1845 2193 Normannis
1867 2169 1962 2197 vero,

118 2261 292 2295 interdum
314 2262 515 2302 volutando,
536 2263 712 2297 interdum
734 2264 917 2305 trahendo,
940 2275 1049 2310 usque
1072 2266 1118 2299 ad
1132 2277 1212 2300 suos
1226 2267 1401 2310 perduxit.
1447 2266 1676 2300 Calabrenses
1691 2277 1784 2305 vero,
1801 2267 1845 2299 de
1862 2265 1964 2299 Petro

117 2313 187 2358 jam
209 2315 435 2359 desperantes
463 2322 498 2349 et
528 2327 592 2360 pro
622 2317 698 2360 ipso
729 2328 808 2350 cum
839 2319 1049 2352 Normannis
1079 2320 1219 2353 minime
1250 2326 1384 2353 certare
1412 2320 1658 2363 praenitentes,
1689 2319 1856 2363 fugiendo
1888 2329 1962 2352 sese

24 2251 55 2266 .-

210 2426 233 2445 2.
246 2419 314 2445 sine
332 2428 392 2445 me.
405 2437 428 2446 ..
440 2440 446 2446 .
465 2422 564 2450 estote,
583 2422 611 2446 et
629 2429 678 2446 om.
697 2422 761 2447 BD
780 2436 813 2441 —
832 2430 857 2455 3.
877 2423 952 2448 Haec
970 2424 998 2448 P
1015 2437 1023 2441 -
1044 2431 1147 2456 magno
1163 2425 1224 2449 BD
1237 2437 1270 2442 —
1284 2432 1307 2456 4.
1322 2424 1462 2457 pluriores
1475 2424 1500 2448 A
1514 2438 1547 2441 —
1561 2431 1586 2457 5.
1599 2425 1722 2455 acceptis
1735 2423 1794 2447 ΡΑ
1809 2436 1817 2440 -
1832 2421 1963 2455 denique]

122 2461 254 2495 domique
271 2462 347 2492 A&
367 2465 535 2495 domumque
553 2464 582 2488 D
600 2477 634 2482 -
653 2463 679 2489 6.
698 2464 802 2489 ducens
820 2465 845 2490 A
866 2478 874 2484 -
894 2465 1038 2498 praecedit
1056 2474 1105 2491 om.
1124 2467 1189 2492 BD
1207 2479 1216 2484 —
1236 2468 1301 2499 post
1320 2474 1348 2491 se
1368 2468 1478 2491 minent
1496 2467 1520 2491 A
1532 2467 1559 2490 P
1575 2480 1607 2484 —-
1628 2471 1651 2498 7.
1671 2467 1721 2490 lux
1739 2467 1811 2490 esset
1830 2467 1902 2494 orta,
1914 2472 1962 2489 eos

121 2505 246 2530 umatus
265 2512 361 2530 versus
379 2507 503 2530 castrum
526 2506 662 2531 advenire
679 2506 730 2531 cosi
756 2508 783 2531 P
805 2521 838 2526 -—-
858 2506 882 2532 8.
902 2509 994 2533 totum
1013 2516 1061 2533 om.
1081 2509 1143 2533 BD
1162 2522 1194 2527 -—
1217 2515 1256 2534 ιο.
1276 2509 1407 2534 calcariis
1426 2510 1453 2533 P
1470 2523 1502 2527 —
1525 2516 1566 2535 11.
1588 2506 1658 2541 illis]
1678 2510 1718 2532 eis
1738 2508 1763 2531 B
1789 2521 1820 2525 —
1848 2514 1887 2532 12.
1905 2509 1961 2540 iam

32 2547 49 2579 ἒξ
122 2545 275 2579 plurimum
295 2547 356 2573 BD
374 2561 408 2566 —
430 2555 470 2581 ¹3·
490 2548 565 2573 forte
582 2556 631 2573 om.
650 2549 679 2573 P
694 2562 726 2567 —
749 2556 789 2582 15.
809 2547 925 2583 crebris]
945 2550 1044 2575 multis
1063 2551 1127 2575 BD
1144 2565 1177 2569 —
1195 2550 1234 2576 16.
1247 2550 1328 2584 Tira]
1347 2551 1438 2575 Tui-ra
1456 2552 1495 2581 P;
1515 2559 1563 2575 om.
1581 2551 1609 2575 D
1626 2563 1635 2568 -
1654 2550 1787 2574 Bisanum
1808 2551 1849 2580 233
1868 2549 1962 2574 Skisa-

31 2585 60 2606 4
79 2591 94 2620 5
123 2593 191 2613 num
209 2589 238 2614 D
254 2603 286 2608 —
305 2596 345 2623 17.
364 2591 645 2624 praetermittendum
665 2591 693 2615 P
710 2604 718 2609 -
738 2592 843 2624 quippe
863 2590 949 2626 idem]
969 2592 1082 2624 quidem
1102 2593 1162 2625 ipse
1183 2593 1242 2618 BD
1260 2606 1269 2611 -
1289 2594 1362 2618 civis
1380 2601 1428 2618 om.
1448 2593 1511 2617 BD
1529 2605 1561 2610 --
1579 2592 1618 2616 18.
1632 2592 1743 2624 poliens
1755 2592 1826 2616 Ρ-
1844 2599 1882 2623 19.
1896 2599 1961 2616 con-

45 2625 46 2628 *
123 2630 220 2656 venire
237 2639 285 2657 om.
304 2632 367 2657 BD
386 2646 395 2651 -
413 2631 555 2657 Robertus
572 2641 620 2658 om.
642 2634 706 2658 BD
726 2647 757 2651 —
778 2640 821 2658 21.
839 2634 962 2666 qualiter
981 2641 1030 2666 per
1049 2642 1111 2659 eum
1130 2637 1158 2660 et
1177 2637 1269 2660 castro
1289 2636 1378 2667 potiri
1398 2635 1458 2660 PA
1480 2648 1510 2653 --
1532 2641 1574 2658 22.
1588 2634 1760 2659 abstraheret
1779 2635 1849 2658 P-—
1864 2640 1905 2666 23.
1920 2635 1962 2658 in-

58 2673 67 2697 ’ί
124 2672 275 2708 tet-ponito]
294 2674 417 2699 un'alara
430 2682 515 2707 grave
534 2675 630 2700 lacuna
641 2676 671 2700 ιίι
684 2675 775 2708 Afino
793 2675 822 2700 a!
829 2676 964 2708 princtpt'o
976 2676 1021 2700 del
1030 2680 1086 2709 cap.
1099 2676 1235 2702 XXXIII
1248 2678 1280 2701 di
1296 2680 1383 2709 questo
1402 2677 1480 2701 Libro
1499 2676 1537 2708 (p.
1556 2684 1597 2707 23,
1615 2684 1638 2700 r.
1657 2674 1685 2708 2)
1706 2689 1738 2693 -·-
1759 2681 1801 2708 24.
1820 2676 1965 2701 venlssent

56 2709 65 2719 ²
123 2715 151 2740 P
165 2727 178 2735 -
195 2717 348 2742 maximam
366 2724 414 2742 om.
435 2717 497 2742 BD
513 2731 546 2736 -
567 2716 659 2751 26-27.
678 2717 773 2742 medio
794 2719 855 2742 BD
874 2731 906 2736 —
926 2717 967 2743 28.
981 2719 1123 2744 auxilium
1144 2717 1320 2753 praeberent}
1341 2719 1509 2744 auxiliaturi
1525 2719 1703 2742 occurrerent
1721 2719 1748 2742 P
1760 2731 1791 2736 —
1812 2724 1853 2750 30.
1868 2717 1964 2743 Confi-

13 2788 14 2793 1
124 2757 222 2784 dente·
239 2765 307 2792 ergo
327 2760 355 2784 P
371 2773 381 2778 -
400 2759 550 2791 loquentes
566 2761 595 2785 P
612 2773 643 2778 —
664 2767 708 2792 33.
726 2767 776 2792 per
794 2768 843 2785 om.
863 2761 891 2785 P
913 2773 946 2779 —
973 2766 1015 2793 34.
1039 2761 1136 2793 itaque
1161 2769 1210 2786 om.
1234 2762 1296 2786 BD
1322 2774 1354 2779 -
1375 2768 1416 2794 35.
1442 2763 1473 2785 ut
1493 2759 1680 2784 Guiscardum
1699 2760 1875 2793 adjuvarent,
1896 2759 1965 2784 Gui-

1 2832 3 2840 1
30 2795 98 2839 sylo
126 2800 239 2826 scardus
256 2801 308 2826 coni
326 2801 389 2826 BD
406 2815 416 2819 -
435 2802 591 2827 enormiter
608 2802 637 2826 D
656 2814 689 2820 —
709 2807 750 2833 37.
770 2804 798 2827 et
818 2802 874 2834 ipsi
893 2809 956 2827 cum
975 2802 1009 2827 N.
1030 2804 1146 2828 minime
1166 2810 1292 2836 pugnare
1311 2805 1517 2836 praesumentes
1536 2802 1586 2826 cosi
1607 2803 1668 2826 BD

43 2922 47 2924 ἡ
71 2918 73 2923 1
210 2886 220 2903 ¹
234 2888 309 2913 L'ed.
328 2889 461 2922 princeps
479 2889 517 2913 ha
537 2889 694 2921 “Turra„·
715 2897 761 2915 ma
781 2890 887 2915 icodd.
900 2898 1015 2915 concor·
1066 2892 1243 2924 Jmmsrnm·
1257 2890 1506 2925 Petropoli,1896,
1527 2898 1554 2923 p.
1575 2897 1623 2923 35:
1643 2888 1660 2915 ὁ
1679 2888 1783 2923 Τήρας.
1821 2891 1852 2914 In
1872 2891 1964 2915 ambe-

34 2938 37 2941 *
62 2930 83 2958 -ζ
122 2929 250 2955 demente
263 2928 358 2956 dunno
380 2930 473 2955 “Tira
485 2948 508 2963 ,,.
544 2931 567 2955 Ε
581 2931 638 2956 cosi
654 2933 774 2961 ΑΜΑΤο,
787 2932 837 2963 ΙΙΙ,
854 2939 900 2957 10·
916 2931 1015 2958 “Pier-
1071 2934 1123 2958 due
1142 2936 1237 2966 queste
1256 2934 1332 2959 fonti
1354 2935 1417 2958 vien
1439 2934 1604 2957 raccontato
1618 2933 1639 2956 ll
1655 2933 1809 2957 medesimo
1823 2933 1964 2966 episodio,

40 2983 43 2986 ·
83 2982 100 2990 2
96 2969 177 3005 1”ῐε
195 2971 224 2996 fil
248 2972 282 2997 de
307 2972 404 3006 Tyre„
407 2991 414 3000 .
433 2980 448 2998 e
473 2972 657 2999 Cnewmm
682 2973 848 3007 &recog-teon
873 2978 899 3000 et
922 2974 1020 3000 incerti
1071 2975 1151 3000 salvo
1170 2976 1287 3009 qualche
1312 2976 1386 3000 lieve
1411 2975 1579 3007 divergenza
1599 2975 1645 2999 nei
1666 2975 1836 3007 particolari
1856 2983 1870 2999 e
1891 2975 1964 3000 nelle

46 3006 99 3053 '32‘
74 3035 78 3037 .
119 3013 255 3046 scriptoris
271 3015 303 3039 «1⁴
323 3014 416 3046 officiis
439 3015 522 3048 regiis
547 3015 676 3044 Lubaeuus,
703 3016 746 3041 ed.
772 3016 977 3043 wissmzwxv
1002 3025 1018 3042 e
1072 3020 1245 3044 circostanze
1264 3020 1481 3044 concomitanti.

255 3129 516 3164 T.V,p.1—2.

1995 2899 2025 2926 15

2040 523 2071 548 D,
2087 529 2134 548 ⁹⁴²·

2035 683 2062 708 A,
2078 688 2126 703 ιον
