<?xml version="1.0" encoding="UTF-8"?>
<!DOCTYPE html PUBLIC "-//W3C//DTD XHTML 1.0 Transitional//EN"
    "http://www.w3.org/TR/xhtml1/DTD/xhtml1-transitional.dtd">
<html xmlns="http://www.w3.org/1999/xhtml" xml:lang="en" lang="en">
 <head>
  <title>
</title>
<meta http-equiv="Content-Type" content="text/html;charset=utf-8" />
  <meta name='ocr-system' content='tesseract 3.04.00' />
  <meta name='ocr-capabilities' content='ocr_page ocr_carea ocr_par ocr_line ocrx_word'/>
</head>
<body>
  <div class='ocr_page' id='page_1' title='image "./rerumitalicarums51murauoft_0129.png"; bbox 0 0 2320 3424; ppageno 0'>
   <div class='ocr_carea' id='block_1_1' title="bbox 0 0 114 3424">
    <p class='ocr_par' dir='ltr' id='par_1_1' title="bbox 0 0 114 3424">
     <span class='ocr_line' id='line_1_1' title="bbox 0 0 51 319; baseline 0 -39"><span class='ocrx_word' id='word_1_1' title='bbox 0 0 51 319; x_wconf 95' lang='lat' dir='ltr'>   </span> 
     </span>
     <span class='ocr_line' id='line_1_2' title="bbox 0 411 45 570; baseline 0 -52"><span class='ocrx_word' id='word_1_2' title='bbox 0 411 45 570; x_wconf 95' lang='lat' dir='ltr'>   </span> 
     </span>
     <span class='ocr_line' id='line_1_3' title="bbox 0 570 45 622; baseline 0 2802"><span class='ocrx_word' id='word_1_3' title='bbox 0 570 45 622; x_wconf 95' lang='lat' dir='ltr'> </span> 
     </span>
     <span class='ocr_line' id='line_1_4' title="bbox 0 622 45 675; baseline 0 2749"><span class='ocrx_word' id='word_1_4' title='bbox 0 622 45 675; x_wconf 95' lang='lat' dir='ltr'> </span> 
     </span>
     <span class='ocr_line' id='line_1_5' title="bbox 0 675 45 729; baseline 0 2695"><span class='ocrx_word' id='word_1_5' title='bbox 0 675 45 729; x_wconf 95' lang='lat' dir='ltr'> </span> 
     </span>
     <span class='ocr_line' id='line_1_6' title="bbox 0 729 44 835; baseline 0 -39"><span class='ocrx_word' id='word_1_6' title='bbox 0 729 44 835; x_wconf 95' lang='lat' dir='ltr'>   </span> 
     </span>
     <span class='ocr_line' id='line_1_7' title="bbox 0 835 47 943; baseline 0 0"><span class='ocrx_word' id='word_1_7' title='bbox 0 835 47 943; x_wconf 95' lang='lat' dir='ltr'>  </span> 
     </span>
     <span class='ocr_line' id='line_1_8' title="bbox 0 943 47 1063; baseline 0 -15"><span class='ocrx_word' id='word_1_8' title='bbox 0 943 47 1063; x_wconf 95' lang='lat' dir='ltr'>   </span> 
     </span>
     <span class='ocr_line' id='line_1_9' title="bbox 0 1063 44 1210; baseline 0 -54"><span class='ocrx_word' id='word_1_9' title='bbox 0 1063 44 1210; x_wconf 95' lang='lat' dir='ltr'>   </span> 
     </span>
     <span class='ocr_line' id='line_1_10' title="bbox 0 1210 44 1330; baseline 0 -18"><span class='ocrx_word' id='word_1_10' title='bbox 0 1210 44 1330; x_wconf 95' lang='lat' dir='ltr'>   </span> 
     </span>
     <span class='ocr_line' id='line_1_11' title="bbox 0 1330 43 1474; baseline 0 -52"><span class='ocrx_word' id='word_1_11' title='bbox 0 1330 43 1474; x_wconf 95' lang='lat' dir='ltr'>   </span> 
     </span>
     <span class='ocr_line' id='line_1_12' title="bbox 0 1474 43 1636; baseline 0 -53"><span class='ocrx_word' id='word_1_12' title='bbox 0 1474 43 1636; x_wconf 95' lang='lat' dir='ltr'>    </span> 
     </span>
     <span class='ocr_line' id='line_1_13' title="bbox 0 1636 49 1796; baseline 0 -105"><span class='ocrx_word' id='word_1_13' title='bbox 0 1636 49 1796; x_wconf 95' lang='lat' dir='ltr'>   </span> 
     </span>
     <span class='ocr_line' id='line_1_14' title="bbox 0 1796 73 2001; baseline 0 -92"><span class='ocrx_word' id='word_1_14' title='bbox 0 1796 73 2001; x_wconf 95' lang='lat' dir='ltr'>   </span> 
     </span>
     <span class='ocr_line' id='line_1_15' title="bbox 0 2001 58 2160; baseline 0 -59"><span class='ocrx_word' id='word_1_15' title='bbox 0 2001 58 2160; x_wconf 95' lang='lat' dir='ltr'>   </span> 
     </span>
     <span class='ocr_line' id='line_1_16' title="bbox 0 2160 114 2381; baseline 0 -114"><span class='ocrx_word' id='word_1_16' title='bbox 0 2160 114 2381; x_wconf 95' lang='lat' dir='ltr'>    </span> 
     </span>
     <span class='ocr_line' id='line_1_17' title="bbox 0 2381 112 2525; baseline 0 -55"><span class='ocrx_word' id='word_1_17' title='bbox 0 2381 112 2525; x_wconf 95' lang='lat' dir='ltr'>  </span> 
     </span>
     <span class='ocr_line' id='line_1_18' title="bbox 0 2525 113 3424; baseline 0 -792"><span class='ocrx_word' id='word_1_18' title='bbox 0 2525 113 3424; x_wconf 95' lang='lat' dir='ltr'>   </span> 
     </span>
    </p>
   </div>
   <div class='ocr_carea' id='block_1_2' title="bbox 109 218 1948 262">
    <p class='ocr_par' dir='ltr' id='par_1_2' title="bbox 109 218 1948 262">
     <span class='ocr_line' id='line_1_19' title="bbox 109 218 1948 262; baseline -0.002 -6"><span class='ocrx_word' id='word_1_19' title='bbox 109 225 160 262; x_wconf 72' lang='lat' dir='ltr'>[A.</span> <span class='ocrx_word' id='word_1_20' title='bbox 181 227 276 261; x_wconf 78' lang='lat'><strong>1062]</strong></span> <span class='ocrx_word' id='word_1_21' title='bbox 484 220 554 256; x_wconf 91' lang='lat' dir='ltr'>DE</span> <span class='ocrx_word' id='word_1_22' title='bbox 581 219 752 257; x_wconf 91' lang='lat' dir='ltr'>REBUS</span> <span class='ocrx_word' id='word_1_23' title='bbox 781 218 960 257; x_wconf 90' lang='lat' dir='ltr'>GESTIS</span> <span class='ocrx_word' id='word_1_24' title='bbox 987 220 1202 256; x_wconf 90' lang='lat' dir='ltr'>ROGERII</span> <span class='ocrx_word' id='word_1_25' title='bbox 1232 219 1441 256; x_wconf 93' lang='lat' dir='ltr'>COMITIS</span> <span class='ocrx_word' id='word_1_26' title='bbox 1469 219 1583 254; x_wconf 90' lang='lat' dir='ltr'><strong>ETC.</strong></span> <span class='ocrx_word' id='word_1_27' title='bbox 1906 218 1948 253; x_wconf 88' lang='lat'>41</span> 
     </span>
    </p>
   </div>
   <div class='ocr_carea' id='block_1_3' title="bbox 22 342 1958 1826">
    <p class='ocr_par' dir='ltr' id='par_1_3' title="bbox 22 342 1958 1826">
     <span class='ocr_line' id='line_1_20' title="bbox 109 342 1957 388; baseline -0.002 -12"><span class='ocrx_word' id='word_1_28' title='bbox 109 353 178 388; x_wconf 90' lang='lat' dir='ltr'>quo</span> <span class='ocrx_word' id='word_1_29' title='bbox 200 344 381 377; x_wconf 89' lang='lat' dir='ltr'>accinctus</span> <span class='ocrx_word' id='word_1_30' title='bbox 403 350 491 384; x_wconf 89' lang='lat' dir='ltr'>erat,</span> <span class='ocrx_word' id='word_1_31' title='bbox 515 355 682 378; x_wconf 87' lang='lat' dir='ltr'>exercens</span> <span class='ocrx_word' id='word_1_32' title='bbox 703 344 739 376; x_wconf 91' lang='lat' dir='ltr'>in</span> <span class='ocrx_word' id='word_1_33' title='bbox 762 345 901 378; x_wconf 90' lang='lat' dir='ltr'>modum</span> <span class='ocrx_word' id='word_1_34' title='bbox 924 344 1027 377; x_wconf 83' lang='lat' dir='ltr'>falcis</span> <span class='ocrx_word' id='word_1_35' title='bbox 1049 344 1167 376; x_wconf 90' lang='lat' dir='ltr'>virens</span> <span class='ocrx_word' id='word_1_36' title='bbox 1195 349 1332 386; x_wconf 86' lang='lat' dir='ltr'>pratum</span> <span class='ocrx_word' id='word_1_37' title='bbox 1361 343 1559 381; x_wconf 80' lang='lat' dir='ltr'>resecantis,</span> <span class='ocrx_word' id='word_1_38' title='bbox 1591 343 1863 385; x_wconf 89' lang='lat' dir='ltr'>circumquaque</span> <span class='ocrx_word' id='word_1_39' title='bbox 1894 342 1957 373; x_wconf 89' lang='lat' dir='ltr'>im-</span> 
     </span>
     <span class='ocr_line' id='line_1_21' title="bbox 109 396 1956 441; baseline -0.001 -12"><span class='ocrx_word' id='word_1_40' title='bbox 109 396 206 440; x_wconf 80' lang='lat' dir='ltr'>piger</span> <span class='ocrx_word' id='word_1_41' title='bbox 228 396 398 431; x_wconf 84' lang='lat' dir='ltr'>vibrando</span> <span class='ocrx_word' id='word_1_42' title='bbox 421 398 565 436; x_wconf 87' lang='lat' dir='ltr'>ducens,</span> <span class='ocrx_word' id='word_1_43' title='bbox 588 397 742 440; x_wconf 87' lang='lat' dir='ltr'>pluribus</span> <span class='ocrx_word' id='word_1_44' title='bbox 765 397 991 440; x_wconf 81' lang='lat' dir='ltr'>interemptis,</span> <span class='ocrx_word' id='word_1_45' title='bbox 1018 397 1092 430; x_wconf 87' lang='lat' dir='ltr'>sola</span> <span class='ocrx_word' id='word_1_46' title='bbox 1122 397 1244 430; x_wconf 86' lang='lat' dir='ltr'>dextra</span> <span class='ocrx_word' id='word_1_47' title='bbox 1275 402 1310 429; x_wconf 90' lang='lat' dir='ltr'>et</span> <span class='ocrx_word' id='word_1_48' title='bbox 1340 396 1407 429; x_wconf 90' lang='lat' dir='ltr'>Dei</span> <span class='ocrx_word' id='word_1_49' title='bbox 1438 396 1611 441; x_wconf 79' lang='lat' dir='ltr'>adjutorio</span> <span class='ocrx_word' id='word_1_50' title='bbox 1641 397 1828 430; x_wconf 89' lang='lat' dir='ltr'>liberatur:</span> <span class='ocrx_word' id='word_1_51' title='bbox 1860 401 1956 428; x_wconf 85' lang='lat' dir='ltr'>tanta</span> 
     </span>
     <span class='ocr_line' id='line_1_22' title="bbox 109 449 1955 495; baseline -0.001 -12"><span class='ocrx_word' id='word_1_52' title='bbox 109 456 224 495; x_wconf 87' lang='lat' dir='ltr'>strage</span> <span class='ocrx_word' id='word_1_53' title='bbox 246 450 291 483; x_wconf 92' lang='lat' dir='ltr'>de</span> <span class='ocrx_word' id='word_1_54' title='bbox 314 450 463 484; x_wconf 86' lang='lat' dir='ltr'>inimicis</span> <span class='ocrx_word' id='word_1_55' title='bbox 485 451 590 490; x_wconf 81' lang='lat' dir='ltr'>facta,</span> <span class='ocrx_word' id='word_1_56' title='bbox 614 457 662 488; x_wconf 89' lang='lat' dir='ltr'>ut,</span> <span class='ocrx_word' id='word_1_57' title='bbox 685 451 774 484; x_wconf 88' lang='lat' dir='ltr'>sicut</span> <span class='ocrx_word' id='word_1_58' title='bbox 795 451 832 483; x_wconf 89' lang='lat' dir='ltr'>in</span> <span class='ocrx_word' id='word_1_59' title='bbox 855 450 1086 484; x_wconf 88' lang='lat' dir='ltr'>condensibus</span> <span class='ocrx_word' id='word_1_60' title='bbox 1108 450 1250 483; x_wconf 88' lang='lat' dir='ltr'>saltibus</span> <span class='ocrx_word' id='word_1_61' title='bbox 1272 450 1430 494; x_wconf 86' lang='lat' dir='ltr'>jacerent</span> <span class='ocrx_word' id='word_1_62' title='bbox 1453 460 1474 482; x_wconf 90' lang='lat' dir='ltr'>a</span> <span class='ocrx_word' id='word_1_63' title='bbox 1496 455 1600 482; x_wconf 90' lang='lat' dir='ltr'>vento</span> <span class='ocrx_word' id='word_1_64' title='bbox 1622 450 1760 492; x_wconf 87' lang='lat' dir='ltr'>dirupta</span> <span class='ocrx_word' id='word_1_65' title='bbox 1783 449 1887 493; x_wconf 86' lang='lat' dir='ltr'>ligna,</span> <span class='ocrx_word' id='word_1_66' title='bbox 1903 449 1955 482; x_wconf 90' lang='lat' dir='ltr'>sic</span> 
     </span>
     <span class='ocr_line' id='line_1_23' title="bbox 33 503 1957 548; baseline -0.001 -12"><span class='ocrx_word' id='word_1_67' title='bbox 33 536 35 541; x_wconf 82' lang='grc'><em>,</em></span> <span class='ocrx_word' id='word_1_68' title='bbox 111 504 382 547; x_wconf 85' lang='lat' dir='ltr'>circumquaque</span> <span class='ocrx_word' id='word_1_69' title='bbox 404 503 473 536; x_wconf 88' lang='lat' dir='ltr'>sibi</span> <span class='ocrx_word' id='word_1_70' title='bbox 497 504 698 548; x_wconf 83' lang='lat' dir='ltr'>adjacerent</span> <span class='ocrx_word' id='word_1_71' title='bbox 720 504 870 536; x_wconf 88' lang='lat' dir='ltr'>hostium</span> <span class='ocrx_word' id='word_1_72' title='bbox 893 504 936 537; x_wconf 85' lang='lat' dir='ltr'>ab</span> <span class='ocrx_word' id='word_1_73' title='bbox 959 504 1034 546; x_wconf 89' lang='lat' dir='ltr'>ipso</span> <span class='ocrx_word' id='word_1_74' title='bbox 1065 510 1248 546; x_wconf 89' lang='lat' dir='ltr'>perempta</span> <span class='ocrx_word' id='word_1_75' title='bbox 1278 503 1460 536; x_wconf 85' lang='lat' dir='ltr'>cadavera.</span> <span class='ocrx_word' id='word_1_76' title='bbox 1506 504 1631 536; x_wconf 80' lang='lat' dir='ltr'>Hostes</span> <span class='ocrx_word' id='word_1_77' title='bbox 1659 503 1786 546; x_wconf 82' lang='lat' dir='ltr'>reliqui</span> <span class='ocrx_word' id='word_1_78' title='bbox 1816 512 1890 535; x_wconf 86' lang='lat' dir='ltr'>sese</span> <span class='ocrx_word' id='word_1_79' title='bbox 1920 503 1957 535; x_wconf 89' lang='lat' dir='ltr'>in</span> 
     </span>
     <span class='ocr_line' id='line_1_24' title="bbox 22 550 1955 600; baseline -0.002 -10"><span class='ocrx_word' id='word_1_80' title='bbox 22 550 39 581; x_wconf 57' lang='lat' dir='ltr'><em>ss</em></span> <span class='ocrx_word' id='word_1_81' title='bbox 68 556 86 590; x_wconf 87' lang='grc'>5</span> <span class='ocrx_word' id='word_1_82' title='bbox 109 567 206 590; x_wconf 82' lang='lat' dir='ltr'>suam</span> <span class='ocrx_word' id='word_1_83' title='bbox 227 557 452 591; x_wconf 87' lang='lat' dir='ltr'>munitionem</span> <span class='ocrx_word' id='word_1_84' title='bbox 476 558 662 600; x_wconf 83' lang='lat' dir='ltr'>recipiunt3</span> <span class='ocrx_word' id='word_1_85' title='bbox 686 557 772 600; x_wconf 87' lang='lat' dir='ltr'>ipse,</span> <span class='ocrx_word' id='word_1_86' title='bbox 796 567 886 600; x_wconf 91' lang='lat' dir='ltr'>equo</span> <span class='ocrx_word' id='word_1_87' title='bbox 910 557 1046 596; x_wconf 89' lang='lat' dir='ltr'>amisso,</span> <span class='ocrx_word' id='word_1_88' title='bbox 1070 556 1201 596; x_wconf 89' lang='lat' dir='ltr'>sellam,</span> <span class='ocrx_word' id='word_1_89' title='bbox 1225 567 1269 589; x_wconf 89' lang='lat' dir='ltr'>ne</span> <span class='ocrx_word' id='word_1_90' title='bbox 1286 557 1383 600; x_wconf 88' lang='lat' dir='ltr'>quasi</span> <span class='ocrx_word' id='word_1_91' title='bbox 1399 556 1536 590; x_wconf 89' lang='lat' dir='ltr'>timidus</span> <span class='ocrx_word' id='word_1_92' title='bbox 1552 557 1750 589; x_wconf 89' lang='lat' dir='ltr'>accelerare</span> <span class='ocrx_word' id='word_1_93' title='bbox 1766 556 1955 594; x_wconf 89' lang='lat' dir='ltr'>videretur,</span> 
     </span>
     <span class='ocr_line' id='line_1_25' title="bbox 28 606 1956 654; baseline -0.001 -11"><span class='ocrx_word' id='word_1_94' title='bbox 28 606 39 610; x_wconf 63' lang='grc'>’</span> <span class='ocrx_word' id='word_1_95' title='bbox 109 615 299 653; x_wconf 76' lang='lat' dir='ltr'>asportans,</span> <span class='ocrx_word' id='word_1_96' title='bbox 321 620 441 643; x_wconf 84' lang='lat' dir='ltr'>versus</span> <span class='ocrx_word' id='word_1_97' title='bbox 463 621 543 643; x_wconf 91' lang='lat' dir='ltr'>suos</span> <span class='ocrx_word' id='word_1_98' title='bbox 565 611 675 653; x_wconf 87' lang='lat' dir='ltr'>pedes</span> <span class='ocrx_word' id='word_1_99' title='bbox 697 611 906 654; x_wconf 84' lang='lat' dir='ltr'>regreditur.</span> <span class='ocrx_word' id='word_1_100' title='bbox 953 610 1088 643; x_wconf 86' lang='lat' dir='ltr'>Nostris</span> <span class='ocrx_word' id='word_1_101' title='bbox 1110 610 1215 654; x_wconf 89' lang='lat' dir='ltr'>igitur</span> <span class='ocrx_word' id='word_1_102' title='bbox 1238 620 1302 652; x_wconf 90' lang='lat' dir='ltr'>per</span> <span class='ocrx_word' id='word_1_103' title='bbox 1317 615 1478 652; x_wconf 85' lang='lat' dir='ltr'>quattuor</span> <span class='ocrx_word' id='word_1_104' title='bbox 1499 621 1635 643; x_wconf 91' lang='lat' dir='ltr'>menses</span> <span class='ocrx_word' id='word_1_105' title='bbox 1649 610 1685 642; x_wconf 91' lang='lat' dir='ltr'>in</span> <span class='ocrx_word' id='word_1_106' title='bbox 1701 616 1770 642; x_wconf 90' lang='lat' dir='ltr'>tam</span> <span class='ocrx_word' id='word_1_107' title='bbox 1787 609 1956 642; x_wconf 89' lang='lat' dir='ltr'>laborioso</span> 
     </span>
     <span class='ocr_line' id='line_1_26' title="bbox 110 662 1956 707; baseline -0.002 -10"><span class='ocrx_word' id='word_1_108' title='bbox 110 663 310 697; x_wconf 81' lang='lat' dir='ltr'>discrimine</span> <span class='ocrx_word' id='word_1_109' title='bbox 333 663 467 706; x_wconf 87' lang='lat' dir='ltr'>positis,</span> <span class='ocrx_word' id='word_1_110' title='bbox 491 663 601 697; x_wconf 89' lang='lat' dir='ltr'>hiems</span> <span class='ocrx_word' id='word_1_111' title='bbox 623 664 825 707; x_wconf 85' lang='lat' dir='ltr'>asperrima,</span> <span class='ocrx_word' id='word_1_112' title='bbox 849 674 937 706; x_wconf 92' lang='lat' dir='ltr'>quae</span> <span class='ocrx_word' id='word_1_113' title='bbox 961 664 1038 706; x_wconf 89' lang='lat' dir='ltr'>ipso</span> <span class='ocrx_word' id='word_1_114' title='bbox 1055 673 1148 696; x_wconf 91' lang='lat' dir='ltr'>anno</span> <span class='ocrx_word' id='word_1_115' title='bbox 1163 663 1247 706; x_wconf 87' lang='lat' dir='ltr'>ipsis</span> <span class='ocrx_word' id='word_1_116' title='bbox 1262 663 1300 694; x_wconf 88' lang='lat' dir='ltr'>in</span> <span class='ocrx_word' id='word_1_117' title='bbox 1315 662 1471 705; x_wconf 87' lang='lat' dir='ltr'>partibus</span> <span class='ocrx_word' id='word_1_118' title='bbox 1493 663 1560 695; x_wconf 77' lang='lat' dir='ltr'>fuit</span> <span class='ocrx_word' id='word_1_119' title='bbox 1575 663 1714 696; x_wconf 83' lang='lat' dir='ltr'>occasio</span> <span class='ocrx_word' id='word_1_120' title='bbox 1731 662 1956 700; x_wconf 84' lang='lat' dir='ltr'>liberationis,</span> 
     </span>
     <span class='ocr_line' id='line_1_27' title="bbox 109 716 1957 759; baseline -0.001 -10"><span class='ocrx_word' id='word_1_121' title='bbox 109 716 264 749; x_wconf 86' lang='lat' dir='ltr'>hostibus</span> <span class='ocrx_word' id='word_1_122' title='bbox 285 722 398 750; x_wconf 91' lang='lat' dir='ltr'>autem</span> <span class='ocrx_word' id='word_1_123' title='bbox 424 717 654 750; x_wconf 80' lang='lat' dir='ltr'>damnationis</span> <span class='ocrx_word' id='word_1_124' title='bbox 677 717 797 750; x_wconf 86' lang='lat' dir='ltr'>extitit.</span> <span class='ocrx_word' id='word_1_125' title='bbox 843 717 933 749; x_wconf 89' lang='lat' dir='ltr'>Nam</span> <span class='ocrx_word' id='word_1_126' title='bbox 951 722 986 749; x_wconf 89' lang='lat' dir='ltr'>et</span> <span class='ocrx_word' id='word_1_127' title='bbox 1001 727 1021 749; x_wconf 89' lang='lat' dir='ltr'>a</span> <span class='ocrx_word' id='word_1_128' title='bbox 1037 716 1215 749; x_wconf 88' lang='lat' dir='ltr'>vicinitate</span> <span class='ocrx_word' id='word_1_129' title='bbox 1231 717 1352 754; x_wconf 72' lang='lat' dir='ltr'>Eume,</span> <span class='ocrx_word' id='word_1_130' title='bbox 1369 726 1457 759; x_wconf 88' lang='lat' dir='ltr'>quae</span> <span class='ocrx_word' id='word_1_131' title='bbox 1474 717 1510 748; x_wconf 90' lang='lat' dir='ltr'>in</span> <span class='ocrx_word' id='word_1_132' title='bbox 1527 717 1648 750; x_wconf 91' lang='lat' dir='ltr'>eadem</span> <span class='ocrx_word' id='word_1_133' title='bbox 1665 717 1847 759; x_wconf 89' lang='lat' dir='ltr'>provincia</span> <span class='ocrx_word' id='word_1_134' title='bbox 1862 716 1957 749; x_wconf 90' lang='lat' dir='ltr'>haud</span> 
     </span>
     <span class='ocr_line' id='line_1_28' title="bbox 32 769 1958 813; baseline 0 -11"><span class='ocrx_word' id='word_1_135' title='bbox 32 801 34 807; x_wconf 52' lang='lat'>„</span> <span class='ocrx_word' id='word_1_136' title='bbox 108 769 234 813; x_wconf 90' lang='lat' dir='ltr'>procul</span> <span class='ocrx_word' id='word_1_137' title='bbox 256 770 472 812; x_wconf 83' lang='lat' dir='ltr'>exterminat,</span> <span class='ocrx_word' id='word_1_138' title='bbox 495 770 545 803; x_wconf 90' lang='lat' dir='ltr'>ibi</span> <span class='ocrx_word' id='word_1_139' title='bbox 568 771 617 803; x_wconf 92' lang='lat' dir='ltr'>ita</span> <span class='ocrx_word' id='word_1_140' title='bbox 639 770 742 803; x_wconf 88' lang='lat' dir='ltr'>certis</span> <span class='ocrx_word' id='word_1_141' title='bbox 771 770 988 812; x_wconf 88' lang='lat' dir='ltr'>temporibus</span> <span class='ocrx_word' id='word_1_142' title='bbox 1019 769 1062 802; x_wconf 91' lang='lat' dir='ltr'>ab</span> <span class='ocrx_word' id='word_1_143' title='bbox 1092 769 1261 802; x_wconf 86' lang='lat' dir='ltr'>aestuanti</span> <span class='ocrx_word' id='word_1_144' title='bbox 1290 769 1454 802; x_wconf 89' lang='lat' dir='ltr'>incendio</span> <span class='ocrx_word' id='word_1_145' title='bbox 1485 769 1660 812; x_wconf 83' lang='lat' dir='ltr'>sulphurei</span> <span class='ocrx_word' id='word_1_146' title='bbox 1690 770 1816 802; x_wconf 88' lang='lat' dir='ltr'>montis</span> <span class='ocrx_word' id='word_1_147' title='bbox 1847 775 1958 802; x_wconf 84' lang='lat' dir='ltr'>aestas</span> 
     </span>
     <span class='ocr_line' id='line_1_29' title="bbox 35 822 1954 866; baseline -0.003 -5"><span class='ocrx_word' id='word_1_148' title='bbox 35 822 87 860; x_wconf 68' lang='lat'>10</span> <span class='ocrx_word' id='word_1_149' title='bbox 109 823 290 863; x_wconf 82' lang='lat' dir='ltr'>acerrima,</span> <span class='ocrx_word' id='word_1_150' title='bbox 313 823 428 866; x_wconf 87' lang='lat' dir='ltr'>itaque</span> <span class='ocrx_word' id='word_1_151' title='bbox 453 823 555 856; x_wconf 88' lang='lat' dir='ltr'>certis</span> <span class='ocrx_word' id='word_1_152' title='bbox 578 822 790 866; x_wconf 87' lang='lat' dir='ltr'>temporibus</span> <span class='ocrx_word' id='word_1_153' title='bbox 811 823 952 854; x_wconf 89' lang='lat' dir='ltr'>minime</span> <span class='ocrx_word' id='word_1_154' title='bbox 975 822 1072 855; x_wconf 87' lang='lat' dir='ltr'>satis&#39;</span> <span class='ocrx_word' id='word_1_155' title='bbox 1096 822 1275 856; x_wconf 87' lang='lat' dir='ltr'>inundatio</span> <span class='ocrx_word' id='word_1_156' title='bbox 1290 823 1516 864; x_wconf 77' lang='lat' dir='ltr'>tempestatis,</span> <span class='ocrx_word' id='word_1_157' title='bbox 1540 823 1782 865; x_wconf 90' lang='lat' dir='ltr'>procellarum,</span> <span class='ocrx_word' id='word_1_158' title='bbox 1807 824 1896 855; x_wconf 89' lang='lat' dir='ltr'>nivis</span> <span class='ocrx_word' id='word_1_159' title='bbox 1920 829 1954 855; x_wconf 90' lang='lat' dir='ltr'>et</span> 
     </span>
     <span class='ocr_line' id='line_1_30' title="bbox 107 875 1955 921; baseline 0 -12"><span class='ocrx_word' id='word_1_160' title='bbox 107 876 314 921; x_wconf 82' lang='lat' dir='ltr'>grandinum</span> <span class='ocrx_word' id='word_1_161' title='bbox 330 879 520 919; x_wconf 84' lang='lat' dir='ltr'>asperrima</span> <span class='ocrx_word' id='word_1_162' title='bbox 535 876 622 909; x_wconf 86' lang='lat' dir='ltr'>solet</span> <span class='ocrx_word' id='word_1_163' title='bbox 637 876 721 909; x_wconf 84' lang='lat' dir='ltr'>fieri.</span> <span class='ocrx_word' id='word_1_164' title='bbox 768 875 1003 914; x_wconf 87' lang='lat' dir='ltr'>Quamobrem</span> <span class='ocrx_word' id='word_1_165' title='bbox 1020 876 1135 908; x_wconf 87' lang='lat' dir='ltr'>hostes</span> <span class='ocrx_word' id='word_1_166' title='bbox 1150 875 1351 908; x_wconf 89' lang='lat' dir='ltr'>balnearum</span> <span class='ocrx_word' id='word_1_167' title='bbox 1367 875 1636 908; x_wconf 87' lang='lat' dir='ltr'>aestuationibus</span> <span class='ocrx_word' id='word_1_168' title='bbox 1651 876 1800 909; x_wconf 88' lang='lat' dir='ltr'>aestuari</span> <span class='ocrx_word' id='word_1_169' title='bbox 1818 877 1955 915; x_wconf 88' lang='lat' dir='ltr'>assueti,</span> 
     </span>
     <span class='ocr_line' id='line_1_31' title="bbox 108 928 1955 973; baseline 0.001 -12"><span class='ocrx_word' id='word_1_170' title='bbox 108 929 286 973; x_wconf 71' lang='lat' dir='ltr'>frigidiori</span> <span class='ocrx_word' id='word_1_171' title='bbox 310 940 392 962; x_wconf 88' lang='lat' dir='ltr'>aura</span> <span class='ocrx_word' id='word_1_172' title='bbox 415 930 530 970; x_wconf 91' lang='lat' dir='ltr'>flante,</span> <span class='ocrx_word' id='word_1_173' title='bbox 561 930 642 963; x_wconf 92' lang='lat' dir='ltr'>dum</span> <span class='ocrx_word' id='word_1_174' title='bbox 673 930 745 962; x_wconf 89' lang='lat' dir='ltr'>vini</span> <span class='ocrx_word' id='word_1_175' title='bbox 774 929 1008 972; x_wconf 89' lang='lat' dir='ltr'>potationibus</span> <span class='ocrx_word' id='word_1_176' title='bbox 1037 929 1229 961; x_wconf 84' lang='lat' dir='ltr'>naturalem</span> <span class='ocrx_word' id='word_1_177' title='bbox 1260 928 1411 961; x_wconf 86' lang='lat' dir='ltr'>calorem</span> <span class='ocrx_word' id='word_1_178' title='bbox 1442 929 1533 961; x_wconf 90' lang='lat' dir='ltr'>intra</span> <span class='ocrx_word' id='word_1_179' title='bbox 1556 939 1593 961; x_wconf 87' lang='lat' dir='ltr'>se</span> <span class='ocrx_word' id='word_1_180' title='bbox 1616 929 1769 962; x_wconf 86' lang='lat' dir='ltr'>excitare</span> <span class='ocrx_word' id='word_1_181' title='bbox 1792 930 1955 968; x_wconf 89' lang='lat' dir='ltr'>nituntur,</span> 
     </span>
     <span class='ocr_line' id='line_1_32' title="bbox 108 981 1957 1026; baseline 0 -11"><span class='ocrx_word' id='word_1_182' title='bbox 108 992 229 1016; x_wconf 86' lang='lat' dir='ltr'>somno</span> <span class='ocrx_word' id='word_1_183' title='bbox 252 989 396 1026; x_wconf 89' lang='lat' dir='ltr'>propter</span> <span class='ocrx_word' id='word_1_184' title='bbox 418 983 546 1023; x_wconf 88' lang='lat' dir='ltr'>vinum,</span> <span class='ocrx_word' id='word_1_185' title='bbox 569 989 606 1016; x_wconf 90' lang='lat' dir='ltr'>ut</span> <span class='ocrx_word' id='word_1_186' title='bbox 628 983 762 1020; x_wconf 86' lang='lat' dir='ltr'>assolet,</span> <span class='ocrx_word' id='word_1_187' title='bbox 793 982 1034 1025; x_wconf 85' lang='lat' dir='ltr'>subsequente,</span> <span class='ocrx_word' id='word_1_188' title='bbox 1066 982 1233 1015; x_wconf 86' lang='lat' dir='ltr'>tardiores</span> <span class='ocrx_word' id='word_1_189' title='bbox 1263 981 1308 1015; x_wconf 88' lang='lat' dir='ltr'>ad</span> <span class='ocrx_word' id='word_1_190' title='bbox 1337 981 1502 1014; x_wconf 87' lang='lat' dir='ltr'>excubias</span> <span class='ocrx_word' id='word_1_191' title='bbox 1532 982 1726 1026; x_wconf 89' lang='lat' dir='ltr'>vigiliarum</span> <span class='ocrx_word' id='word_1_192' title='bbox 1758 983 1852 1015; x_wconf 89' lang='lat' dir='ltr'>urbis</span> <span class='ocrx_word' id='word_1_193' title='bbox 1883 993 1957 1015; x_wconf 90' lang='lat' dir='ltr'>esse</span> 
     </span>
     <span class='ocr_line' id='line_1_33' title="bbox 108 1035 1955 1080; baseline -0.001 -11.044"><span class='ocrx_word' id='word_1_194' title='bbox 108 1042 313 1079; x_wconf 86' lang='lat' dir='ltr'>coeperunt.</span> <span class='ocrx_word' id='word_1_195' title='bbox 358 1037 466 1076; x_wconf 88' lang='lat' dir='ltr'>Quod</span> <span class='ocrx_word' id='word_1_196' title='bbox 490 1047 567 1070; x_wconf 92' lang='lat' dir='ltr'>cum</span> <span class='ocrx_word' id='word_1_197' title='bbox 591 1036 696 1070; x_wconf 84' lang='lat' dir='ltr'>nostri</span> <span class='ocrx_word' id='word_1_198' title='bbox 714 1035 968 1080; x_wconf 87' lang='lat' dir='ltr'>cognovissent,</span> <span class='ocrx_word' id='word_1_199' title='bbox 985 1040 1176 1077; x_wconf 86' lang='lat' dir='ltr'>coeperunt</span> <span class='ocrx_word' id='word_1_200' title='bbox 1193 1041 1228 1067; x_wconf 85' lang='lat' dir='ltr'>et</span> <span class='ocrx_word' id='word_1_201' title='bbox 1243 1035 1309 1077; x_wconf 91' lang='lat' dir='ltr'>ipsi</span> <span class='ocrx_word' id='word_1_202' title='bbox 1326 1044 1368 1067; x_wconf 87' lang='lat' dir='ltr'>ex</span> <span class='ocrx_word' id='word_1_203' title='bbox 1384 1035 1553 1068; x_wconf 87' lang='lat' dir='ltr'>industria</span> <span class='ocrx_word' id='word_1_204' title='bbox 1574 1036 1747 1068; x_wconf 87' lang='lat' dir='ltr'>tardiores</span> <span class='ocrx_word' id='word_1_205' title='bbox 1770 1046 1955 1078; x_wconf 87' lang='lat' dir='ltr'>apparere;</span> 
     </span>
     <span class='ocr_line' id='line_1_34' title="bbox 41 1086 1955 1133; baseline -0.001 -12"><span class='ocrx_word' id='word_1_206' title='bbox 41 1086 86 1121; x_wconf 67' lang='lat'>⁴¹15</span> <span class='ocrx_word' id='word_1_207' title='bbox 110 1094 156 1128; x_wconf 88' lang='lat' dir='ltr'>et,</span> <span class='ocrx_word' id='word_1_208' title='bbox 180 1090 337 1133; x_wconf 85' lang='lat' dir='ltr'>quamvis</span> <span class='ocrx_word' id='word_1_209' title='bbox 360 1090 586 1123; x_wconf 87' lang='lat' dir='ltr'>attentissime</span> <span class='ocrx_word' id='word_1_210' title='bbox 609 1089 805 1132; x_wconf 87' lang='lat' dir='ltr'>vigilarent,</span> <span class='ocrx_word' id='word_1_211' title='bbox 828 1087 1035 1120; x_wconf 88' lang='lat' dir='ltr'>clamoribus</span> <span class='ocrx_word' id='word_1_212' title='bbox 1066 1094 1182 1120; x_wconf 90' lang='lat' dir='ltr'>tamen</span> <span class='ocrx_word' id='word_1_213' title='bbox 1213 1087 1370 1120; x_wconf 83' lang='lat' dir='ltr'>obmissis</span> <span class='ocrx_word' id='word_1_214' title='bbox 1393 1107 1434 1111; x_wconf 89' lang='lat'><strong>—</strong></span> <span class='ocrx_word' id='word_1_215' title='bbox 1458 1094 1495 1120; x_wconf 90' lang='lat' dir='ltr'>ut</span> <span class='ocrx_word' id='word_1_216' title='bbox 1518 1088 1597 1121; x_wconf 88' lang='lat' dir='ltr'>illos</span> <span class='ocrx_word' id='word_1_217' title='bbox 1621 1088 1740 1121; x_wconf 87' lang='lat' dir='ltr'>dolose</span> <span class='ocrx_word' id='word_1_218' title='bbox 1763 1089 1955 1121; x_wconf 85' lang='lat' dir='ltr'>securiores</span> 
     </span>
     <span class='ocr_line' id='line_1_35' title="bbox 34 1140 1957 1187; baseline 0 -13"><span class='ocrx_word' id='word_1_219' title='bbox 34 1140 35 1145; x_wconf 73' lang='grc'>’</span> <span class='ocrx_word' id='word_1_220' title='bbox 109 1143 299 1176; x_wconf 89' lang='lat' dir='ltr'>redderent</span> <span class='ocrx_word' id='word_1_221' title='bbox 322 1161 364 1167; x_wconf 82' lang='lat'>——</span> <span class='ocrx_word' id='word_1_222' title='bbox 388 1143 565 1187; x_wconf 88' lang='lat' dir='ltr'>fingebant</span> <span class='ocrx_word' id='word_1_223' title='bbox 587 1154 624 1176; x_wconf 91' lang='lat' dir='ltr'>se</span> <span class='ocrx_word' id='word_1_224' title='bbox 652 1141 750 1185; x_wconf 88' lang='lat' dir='ltr'>quasi</span> <span class='ocrx_word' id='word_1_225' title='bbox 782 1151 851 1173; x_wconf 91' lang='lat' dir='ltr'>non</span> <span class='ocrx_word' id='word_1_226' title='bbox 880 1141 1004 1185; x_wconf 84' lang='lat' dir='ltr'>vigiles</span> <span class='ocrx_word' id='word_1_227' title='bbox 1035 1147 1158 1174; x_wconf 89' lang='lat' dir='ltr'>essent.</span> <span class='ocrx_word' id='word_1_228' title='bbox 1207 1140 1366 1179; x_wconf 88' lang='lat' dir='ltr'>Quadam</span> <span class='ocrx_word' id='word_1_229' title='bbox 1398 1152 1483 1186; x_wconf 86' lang='lat' dir='ltr'>ergo</span> <span class='ocrx_word' id='word_1_230' title='bbox 1515 1148 1630 1179; x_wconf 85' lang='lat' dir='ltr'>nocte,</span> <span class='ocrx_word' id='word_1_231' title='bbox 1661 1152 1740 1174; x_wconf 90' lang='lat' dir='ltr'>cum</span> <span class='ocrx_word' id='word_1_232' title='bbox 1771 1152 1898 1181; x_wconf 90' lang='lat' dir='ltr'>comes,</span> <span class='ocrx_word' id='word_1_233' title='bbox 1920 1148 1957 1174; x_wconf 92' lang='lat' dir='ltr'>ut</span> 
     </span>
     <span class='ocr_line' id='line_1_36' title="bbox 108 1194 1957 1239; baseline -0.001 -11"><span class='ocrx_word' id='word_1_234' title='bbox 108 1205 246 1238; x_wconf 88' lang='lat' dir='ltr'>semper</span> <span class='ocrx_word' id='word_1_235' title='bbox 267 1195 363 1229; x_wconf 90' lang='lat' dir='ltr'>nullo</span> <span class='ocrx_word' id='word_1_236' title='bbox 394 1195 513 1228; x_wconf 89' lang='lat' dir='ltr'>labore</span> <span class='ocrx_word' id='word_1_237' title='bbox 544 1195 719 1234; x_wconf 88' lang='lat' dir='ltr'>deficiens,</span> <span class='ocrx_word' id='word_1_238' title='bbox 751 1194 916 1228; x_wconf 85' lang='lat' dir='ltr'>excubias</span> <span class='ocrx_word' id='word_1_239' title='bbox 946 1194 1060 1226; x_wconf 90' lang='lat' dir='ltr'>noctis</span> <span class='ocrx_word' id='word_1_240' title='bbox 1090 1205 1168 1227; x_wconf 89' lang='lat' dir='ltr'>cum</span> <span class='ocrx_word' id='word_1_241' title='bbox 1199 1194 1268 1226; x_wconf 90' lang='lat' dir='ltr'>suis</span> <span class='ocrx_word' id='word_1_242' title='bbox 1298 1194 1452 1232; x_wconf 89' lang='lat' dir='ltr'>armatis,</span> <span class='ocrx_word' id='word_1_243' title='bbox 1482 1195 1545 1227; x_wconf 91' lang='lat' dir='ltr'>sub</span> <span class='ocrx_word' id='word_1_244' title='bbox 1576 1195 1704 1239; x_wconf 86' lang='lat' dir='ltr'>algenti</span> <span class='ocrx_word' id='word_1_245' title='bbox 1735 1195 1857 1228; x_wconf 88' lang='lat' dir='ltr'>bruma</span> <span class='ocrx_word' id='word_1_246' title='bbox 1887 1195 1957 1227; x_wconf 91' lang='lat' dir='ltr'>suis</span> 
     </span>
     <span class='ocr_line' id='line_1_37' title="bbox 109 1246 1957 1290; baseline 0 -10"><span class='ocrx_word' id='word_1_247' title='bbox 109 1248 318 1282; x_wconf 82' lang='lat' dir='ltr'>utilitatibus</span> <span class='ocrx_word' id='word_1_248' title='bbox 342 1249 598 1282; x_wconf 84' lang='lat' dir='ltr'>accuratissime</span> <span class='ocrx_word' id='word_1_249' title='bbox 622 1248 772 1286; x_wconf 88' lang='lat' dir='ltr'>intentis,</span> <span class='ocrx_word' id='word_1_250' title='bbox 789 1246 994 1286; x_wconf 87' lang='lat' dir='ltr'>celebraret,</span> <span class='ocrx_word' id='word_1_251' title='bbox 1010 1247 1138 1286; x_wconf 87' lang='lat' dir='ltr'>hostes,</span> <span class='ocrx_word' id='word_1_252' title='bbox 1153 1257 1274 1279; x_wconf 88' lang='lat' dir='ltr'>somno</span> <span class='ocrx_word' id='word_1_253' title='bbox 1290 1253 1464 1290; x_wconf 88' lang='lat' dir='ltr'>gravatos,</span> <span class='ocrx_word' id='word_1_254' title='bbox 1480 1248 1571 1280; x_wconf 85' lang='lat' dir='ltr'>inter</span> <span class='ocrx_word' id='word_1_255' title='bbox 1593 1258 1670 1280; x_wconf 89' lang='lat' dir='ltr'>suos</span> <span class='ocrx_word' id='word_1_256' title='bbox 1687 1248 1905 1287; x_wconf 88' lang='lat' dir='ltr'>munitiones,</span> <span class='ocrx_word' id='word_1_257' title='bbox 1922 1254 1957 1280; x_wconf 89' lang='lat' dir='ltr'>et</span> 
     </span>
     <span class='ocr_line' id='line_1_38' title="bbox 36 1299 1955 1344; baseline -0.001 -9"><span class='ocrx_word' id='word_1_258' title='bbox 36 1339 37 1342; x_wconf 14' lang='grc' dir='ltr'><strong>Ἰ</strong></span> <span class='ocrx_word' id='word_1_259' title='bbox 110 1303 282 1335; x_wconf 87' lang='lat' dir='ltr'>neminem</span> <span class='ocrx_word' id='word_1_260' title='bbox 298 1313 429 1342; x_wconf 90' lang='lat' dir='ltr'>eorum,</span> <span class='ocrx_word' id='word_1_261' title='bbox 445 1312 491 1334; x_wconf 89' lang='lat' dir='ltr'>ex</span> <span class='ocrx_word' id='word_1_262' title='bbox 506 1307 603 1334; x_wconf 87' lang='lat' dir='ltr'>tanta</span> <span class='ocrx_word' id='word_1_263' title='bbox 618 1300 837 1334; x_wconf 88' lang='lat' dir='ltr'>multitudine</span> <span class='ocrx_word' id='word_1_264' title='bbox 853 1300 998 1344; x_wconf 87' lang='lat' dir='ltr'>vigilare</span> <span class='ocrx_word' id='word_1_265' title='bbox 1024 1299 1321 1342; x_wconf 87' lang='lat' dir='ltr'>deprehendisset,</span> <span class='ocrx_word' id='word_1_266' title='bbox 1345 1307 1458 1333; x_wconf 89' lang='lat' dir='ltr'>castra</span> <span class='ocrx_word' id='word_1_267' title='bbox 1480 1311 1597 1333; x_wconf 90' lang='lat' dir='ltr'>eorum</span> <span class='ocrx_word' id='word_1_268' title='bbox 1621 1301 1760 1334; x_wconf 88' lang='lat' dir='ltr'>silenter</span> <span class='ocrx_word' id='word_1_269' title='bbox 1781 1301 1955 1344; x_wconf 86' lang='lat' dir='ltr'>irrumpit;</span> 
     </span>
     <span class='ocr_line' id='line_1_39' title="bbox 28 1353 1958 1399; baseline 0 -11"><span class='ocrx_word' id='word_1_270' title='bbox 28 1356 87 1388; x_wconf 69' lang='lat'>220</span> <span class='ocrx_word' id='word_1_271' title='bbox 108 1361 239 1388; x_wconf 87' lang='lat' dir='ltr'>armata</span> <span class='ocrx_word' id='word_1_272' title='bbox 260 1357 379 1399; x_wconf 87' lang='lat' dir='ltr'>itaque</span> <span class='ocrx_word' id='word_1_273' title='bbox 402 1366 505 1388; x_wconf 88' lang='lat' dir='ltr'>manu</span> <span class='ocrx_word' id='word_1_274' title='bbox 527 1355 685 1388; x_wconf 86' lang='lat' dir='ltr'>incautos</span> <span class='ocrx_word' id='word_1_275' title='bbox 707 1365 893 1397; x_wconf 89' lang='lat' dir='ltr'>occupans,</span> <span class='ocrx_word' id='word_1_276' title='bbox 916 1353 1073 1396; x_wconf 88' lang='lat' dir='ltr'>pluribus</span> <span class='ocrx_word' id='word_1_277' title='bbox 1095 1353 1302 1392; x_wconf 77' lang='lat' dir='ltr'>interfectis,</span> <span class='ocrx_word' id='word_1_278' title='bbox 1326 1355 1551 1387; x_wconf 90' lang='lat' dir='ltr'>munitionem</span> <span class='ocrx_word' id='word_1_279' title='bbox 1575 1354 1726 1397; x_wconf 86' lang='lat' dir='ltr'>accipit:</span> <span class='ocrx_word' id='word_1_280' title='bbox 1751 1355 1868 1397; x_wconf 87' lang='lat' dir='ltr'>plures</span> <span class='ocrx_word' id='word_1_281' title='bbox 1899 1366 1958 1388; x_wconf 51' lang='lat' dir='ltr'>ca*</span> 
     </span>
     <span class='ocr_line' id='line_1_40' title="bbox 108 1407 1957 1452; baseline -0.001 -10"><span class='ocrx_word' id='word_1_282' title='bbox 108 1409 259 1451; x_wconf 84' lang='lat' dir='ltr'>piuntur,</span> <span class='ocrx_word' id='word_1_283' title='bbox 281 1419 327 1442; x_wconf 84' lang='lat' dir='ltr'>ex</span> <span class='ocrx_word' id='word_1_284' title='bbox 349 1409 555 1442; x_wconf 85' lang='lat' dir='ltr'>adventiciis</span> <span class='ocrx_word' id='word_1_285' title='bbox 577 1408 699 1451; x_wconf 88' lang='lat' dir='ltr'>reliqui</span> <span class='ocrx_word' id='word_1_286' title='bbox 722 1408 826 1452; x_wconf 78' lang='lat' dir='ltr'>fugae</span> <span class='ocrx_word' id='word_1_287' title='bbox 850 1407 1024 1450; x_wconf 80' lang='lat' dir='ltr'>refugium</span> <span class='ocrx_word' id='word_1_288' title='bbox 1055 1412 1184 1449; x_wconf 89' lang='lat' dir='ltr'>petunt.</span> <span class='ocrx_word' id='word_1_289' title='bbox 1231 1407 1390 1447; x_wconf 88' lang='lat' dir='ltr'>Porinus,</span> <span class='ocrx_word' id='word_1_290' title='bbox 1414 1408 1473 1450; x_wconf 92' lang='lat' dir='ltr'>qui</span> <span class='ocrx_word' id='word_1_291' title='bbox 1496 1413 1600 1450; x_wconf 88' lang='lat' dir='ltr'>caput</span> <span class='ocrx_word' id='word_1_292' title='bbox 1622 1408 1829 1450; x_wconf 87' lang='lat' dir='ltr'>proditionis</span> <span class='ocrx_word' id='word_1_293' title='bbox 1853 1409 1957 1441; x_wconf 84' lang='lat' dir='ltr'>exsti-</span> 
     </span>
     <span class='ocr_line' id='line_1_41' title="bbox 109 1460 1955 1505; baseline -0.001 -11"><span class='ocrx_word' id='word_1_294' title='bbox 109 1467 207 1500; x_wconf 90' lang='lat' dir='ltr'>terat,</span> <span class='ocrx_word' id='word_1_295' title='bbox 230 1472 310 1495; x_wconf 89' lang='lat' dir='ltr'>cum</span> <span class='ocrx_word' id='word_1_296' title='bbox 332 1462 399 1495; x_wconf 91' lang='lat' dir='ltr'>sibi</span> <span class='ocrx_word' id='word_1_297' title='bbox 422 1462 664 1505; x_wconf 90' lang='lat' dir='ltr'>principaliter</span> <span class='ocrx_word' id='word_1_298' title='bbox 680 1460 886 1494; x_wconf 86' lang='lat' dir='ltr'>assientibus</span> <span class='ocrx_word' id='word_1_299' title='bbox 902 1460 1025 1504; x_wconf 87' lang='lat' dir='ltr'>laqueo</span> <span class='ocrx_word' id='word_1_300' title='bbox 1041 1470 1235 1502; x_wconf 87' lang='lat' dir='ltr'>suspensus,</span> <span class='ocrx_word' id='word_1_301' title='bbox 1251 1460 1296 1492; x_wconf 90' lang='lat' dir='ltr'>ad</span> <span class='ocrx_word' id='word_1_302' title='bbox 1312 1462 1506 1503; x_wconf 89' lang='lat' dir='ltr'>exemplum</span> <span class='ocrx_word' id='word_1_303' title='bbox 1530 1461 1672 1494; x_wconf 89' lang='lat' dir='ltr'>aliorum</span> <span class='ocrx_word' id='word_1_304' title='bbox 1697 1462 1767 1494; x_wconf 90' lang='lat' dir='ltr'>vita</span> <span class='ocrx_word' id='word_1_305' title='bbox 1790 1462 1955 1503; x_wconf 89' lang='lat' dir='ltr'>privatur.</span> 
     </span>
     <span class='ocr_line' id='line_1_42' title="bbox 109 1513 1957 1558; baseline -0.001 -9"><span class='ocrx_word' id='word_1_306' title='bbox 109 1515 232 1549; x_wconf 87' lang='lat' dir='ltr'>Plures</span> <span class='ocrx_word' id='word_1_307' title='bbox 254 1516 397 1549; x_wconf 86' lang='lat' dir='ltr'>diversis</span> <span class='ocrx_word' id='word_1_308' title='bbox 419 1515 543 1558; x_wconf 87' lang='lat' dir='ltr'>poenis</span> <span class='ocrx_word' id='word_1_309' title='bbox 566 1515 770 1549; x_wconf 87' lang='lat' dir='ltr'>afficiuntur.</span> <span class='ocrx_word' id='word_1_310' title='bbox 816 1513 945 1557; x_wconf 87' lang='lat' dir='ltr'>Spoliis</span> <span class='ocrx_word' id='word_1_311' title='bbox 968 1514 1084 1556; x_wconf 81' lang='lat' dir='ltr'>itaque</span> <span class='ocrx_word' id='word_1_312' title='bbox 1100 1514 1298 1556; x_wconf 86' lang='lat' dir='ltr'>triumphali</span> <span class='ocrx_word' id='word_1_313' title='bbox 1314 1515 1445 1547; x_wconf 91' lang='lat' dir='ltr'>honore</span> <span class='ocrx_word' id='word_1_314' title='bbox 1469 1516 1632 1557; x_wconf 86' lang='lat' dir='ltr'>acceptis,</span> <span class='ocrx_word' id='word_1_315' title='bbox 1657 1515 1765 1547; x_wconf 88' lang='lat' dir='ltr'>nostri</span> <span class='ocrx_word' id='word_1_316' title='bbox 1787 1515 1957 1547; x_wconf 88' lang='lat' dir='ltr'>hactenus</span> 
     </span>
     <span class='ocr_line' id='line_1_43' title="bbox 30 1567 1958 1613; baseline -0.001 -12"><span class='ocrx_word' id='word_1_317' title='bbox 30 1598 32 1609; x_wconf 25' lang='grc' dir='ltr'>ζ</span> <span class='ocrx_word' id='word_1_318' title='bbox 110 1574 263 1613; x_wconf 86' lang='lat' dir='ltr'>egentes,</span> <span class='ocrx_word' id='word_1_319' title='bbox 285 1574 382 1602; x_wconf 87' lang='lat' dir='ltr'>tanta</span> <span class='ocrx_word' id='word_1_320' title='bbox 404 1568 614 1602; x_wconf 87' lang='lat' dir='ltr'>abundantia</span> <span class='ocrx_word' id='word_1_321' title='bbox 636 1568 810 1606; x_wconf 73' lang='lat' dir='ltr'>frumenti,</span> <span class='ocrx_word' id='word_1_322' title='bbox 833 1567 904 1600; x_wconf 91' lang='lat' dir='ltr'>vini</span> <span class='ocrx_word' id='word_1_323' title='bbox 927 1573 960 1600; x_wconf 90' lang='lat' dir='ltr'>et</span> <span class='ocrx_word' id='word_1_324' title='bbox 983 1567 1050 1600; x_wconf 91' lang='lat' dir='ltr'>olei</span> <span class='ocrx_word' id='word_1_325' title='bbox 1077 1572 1112 1600; x_wconf 93' lang='lat' dir='ltr'>et</span> <span class='ocrx_word' id='word_1_326' title='bbox 1142 1567 1287 1599; x_wconf 90' lang='lat' dir='ltr'>aliarum</span> <span class='ocrx_word' id='word_1_327' title='bbox 1310 1578 1436 1606; x_wconf 90' lang='lat' dir='ltr'>rerum,</span> <span class='ocrx_word' id='word_1_328' title='bbox 1461 1578 1549 1610; x_wconf 90' lang='lat' dir='ltr'>quae</span> <span class='ocrx_word' id='word_1_329' title='bbox 1573 1568 1618 1600; x_wconf 92' lang='lat' dir='ltr'>ad</span> <span class='ocrx_word' id='word_1_330' title='bbox 1641 1578 1738 1600; x_wconf 87' lang='lat' dir='ltr'>usum</span> <span class='ocrx_word' id='word_1_331' title='bbox 1763 1569 1958 1601; x_wconf 88' lang='lat' dir='ltr'>necessaria</span> 
     </span>
     <span class='ocr_line' id='line_1_44' title="bbox 28 1613 1956 1665; baseline 0 -11"><span class='ocrx_word' id='word_1_332' title='bbox 28 1613 87 1657; x_wconf 48' lang='grc'>325</span> <span class='ocrx_word' id='word_1_333' title='bbox 111 1627 222 1660; x_wconf 89' lang='lat' dir='ltr'>erant,</span> <span class='ocrx_word' id='word_1_334' title='bbox 243 1627 322 1655; x_wconf 87' lang='lat' dir='ltr'>sunt</span> <span class='ocrx_word' id='word_1_335' title='bbox 343 1622 480 1665; x_wconf 90' lang='lat' dir='ltr'>repleti,</span> <span class='ocrx_word' id='word_1_336' title='bbox 502 1628 539 1654; x_wconf 94' lang='lat' dir='ltr'>ut</span> <span class='ocrx_word' id='word_1_337' title='bbox 560 1622 682 1654; x_wconf 88' lang='lat' dir='ltr'>merito</span> <span class='ocrx_word' id='word_1_338' title='bbox 707 1632 727 1654; x_wconf 86' lang='lat' dir='ltr'>a</span> <span class='ocrx_word' id='word_1_339' title='bbox 749 1620 921 1654; x_wconf 89' lang='lat' dir='ltr'>consimili</span> <span class='ocrx_word' id='word_1_340' title='bbox 944 1626 1146 1664; x_wconf 79' lang='lat' dir='ltr'>arg-umento</span> <span class='ocrx_word' id='word_1_341' title='bbox 1169 1621 1349 1653; x_wconf 85' lang='lat' dir='ltr'>recordari</span> <span class='ocrx_word' id='word_1_342' title='bbox 1371 1627 1512 1663; x_wconf 86' lang='lat' dir='ltr'>possent</span> <span class='ocrx_word' id='word_1_343' title='bbox 1533 1621 1634 1659; x_wconf 89' lang='lat' dir='ltr'>illius,</span> <span class='ocrx_word' id='word_1_344' title='bbox 1658 1622 1753 1664; x_wconf 92' lang='lat' dir='ltr'>quod</span> <span class='ocrx_word' id='word_1_345' title='bbox 1776 1622 1869 1663; x_wconf 86' lang='lat' dir='ltr'>apud</span> <span class='ocrx_word' id='word_1_346' title='bbox 1894 1622 1956 1654; x_wconf 88' lang='lat' dir='ltr'>Sa-</span> 
     </span>
     <span class='ocr_line' id='line_1_45' title="bbox 36 1671 1958 1718; baseline -0.001 -10"><span class='ocrx_word' id='word_1_347' title='bbox 36 1671 37 1674; x_wconf 49' lang='lat'>&#39;</span> <span class='ocrx_word' id='word_1_348' title='bbox 109 1675 251 1709; x_wconf 81' lang='lat' dir='ltr'>mariam</span> <span class='ocrx_word' id='word_1_349' title='bbox 266 1675 433 1718; x_wconf 88' lang='lat' dir='ltr'>inspirato</span> <span class='ocrx_word' id='word_1_350' title='bbox 450 1686 471 1707; x_wconf 92' lang='lat' dir='ltr'>a</span> <span class='ocrx_word' id='word_1_351' title='bbox 486 1675 562 1707; x_wconf 92' lang='lat' dir='ltr'>Deo</span> <span class='ocrx_word' id='word_1_352' title='bbox 579 1675 692 1708; x_wconf 89' lang='lat' dir='ltr'>subito</span> <span class='ocrx_word' id='word_1_353' title='bbox 709 1675 811 1707; x_wconf 88' lang='lat' dir='ltr'>datae</span> <span class='ocrx_word' id='word_1_354' title='bbox 828 1673 1058 1707; x_wconf 84' lang='lat' dir='ltr'>abundantiae</span> <span class='ocrx_word' id='word_1_355' title='bbox 1076 1674 1120 1706; x_wconf 87' lang='lat' dir='ltr'>ad</span> <span class='ocrx_word' id='word_1_356' title='bbox 1135 1674 1278 1707; x_wconf 89' lang='lat' dir='ltr'>verbum</span> <span class='ocrx_word' id='word_1_357' title='bbox 1301 1674 1409 1706; x_wconf 90' lang='lat' dir='ltr'>Elisei</span> <span class='ocrx_word' id='word_1_358' title='bbox 1433 1674 1595 1707; x_wconf 89' lang='lat' dir='ltr'>dicentis:</span> <span class='ocrx_word' id='word_1_359' title='bbox 1620 1674 1706 1707; x_wconf 80' lang='lat' dir='ltr'>Cras</span> <span class='ocrx_word' id='word_1_360' title='bbox 1727 1675 1813 1707; x_wconf 80' lang='lat' dir='ltr'>hora</span> <span class='ocrx_word' id='word_1_361' title='bbox 1835 1675 1901 1707; x_wconf 83' lang='lat' dir='ltr'>ista</span> <span class='ocrx_word' id='word_1_362' title='bbox 1923 1675 1958 1706; x_wconf 80' lang='lat' dir='ltr'>in</span> 
     </span>
     <span class='ocr_line' id='line_1_46' title="bbox 109 1727 1956 1773; baseline -0.002 -11"><span class='ocrx_word' id='word_1_363' title='bbox 109 1733 214 1773; x_wconf 80' lang='lat' dir='ltr'>porta</span> <span class='ocrx_word' id='word_1_364' title='bbox 235 1727 415 1762; x_wconf 79' lang='lat' dir='ltr'>Samariae</span> <span class='ocrx_word' id='word_1_365' title='bbox 437 1729 568 1761; x_wconf 83' lang='lat' dir='ltr'>modius</span> <span class='ocrx_word' id='word_1_366' title='bbox 589 1728 720 1761; x_wconf 79' lang='lat' dir='ltr'>similae</span> <span class='ocrx_word' id='word_1_367' title='bbox 743 1739 807 1760; x_wconf 85' lang='lat' dir='ltr'>uno</span> <span class='ocrx_word' id='word_1_368' title='bbox 822 1731 948 1760; x_wconf 79' lang='lat' dir='ltr'>statere</span> <span class='ocrx_word' id='word_1_369' title='bbox 963 1727 1041 1766; x_wconf 78' lang='lat' dir='ltr'>erit,</span> <span class='ocrx_word' id='word_1_370' title='bbox 1057 1737 1136 1760; x_wconf 89' lang='lat' dir='ltr'>cum</span> <span class='ocrx_word' id='word_1_371' title='bbox 1152 1727 1187 1760; x_wconf 90' lang='lat' dir='ltr'>in</span> <span class='ocrx_word' id='word_1_372' title='bbox 1203 1727 1429 1770; x_wconf 89' lang='lat' dir='ltr'>praecedenti</span> <span class='ocrx_word' id='word_1_373' title='bbox 1454 1727 1511 1760; x_wconf 89' lang='lat' dir='ltr'>die</span> <span class='ocrx_word' id='word_1_374' title='bbox 1535 1728 1630 1760; x_wconf 94' lang='lat' dir='ltr'>nullo</span> <span class='ocrx_word' id='word_1_375' title='bbox 1654 1728 1809 1771; x_wconf 90' lang='lat' dir='ltr'>quamvis</span> <span class='ocrx_word' id='word_1_376' title='bbox 1832 1738 1956 1771; x_wconf 89' lang='lat' dir='ltr'>magno</span> 
     </span>
     <span class='ocr_line' id='line_1_47' title="bbox 108 1782 542 1826; baseline -0.005 -10"><span class='ocrx_word' id='word_1_377' title='bbox 108 1782 221 1826; x_wconf 88' lang='lat' dir='ltr'>pretio</span> <span class='ocrx_word' id='word_1_378' title='bbox 243 1788 358 1825; x_wconf 86' lang='lat' dir='ltr'>posset</span> <span class='ocrx_word' id='word_1_379' title='bbox 381 1782 542 1815; x_wconf 87' lang='lat' dir='ltr'>inveniri.</span> 
     </span>
    </p>
   </div>
   <div class='ocr_carea' id='block_1_4' title="bbox 35 1879 1959 2288">
    <p class='ocr_par' dir='ltr' id='par_1_4' title="bbox 35 1879 1959 2288">
     <span class='ocr_line' id='line_1_48' title="bbox 50 1879 1954 1923; baseline -0.001 -9.008"><span class='ocrx_word' id='word_1_380' title='bbox 50 1915 51 1918; x_wconf 64' lang='grc'>,</span> <span class='ocrx_word' id='word_1_381' title='bbox 196 1880 332 1914; x_wconf 89' lang='grc' dir='ltr'>ΧΧΧῙ.</span> <span class='ocrx_word' id='word_1_382' title='bbox 357 1899 393 1904; x_wconf 88' lang='grc'><strong>-</strong></span> <span class='ocrx_word' id='word_1_383' title='bbox 420 1880 598 1914; x_wconf 80' lang='lat' dir='ltr'>ordinatis</span> <span class='ocrx_word' id='word_1_384' title='bbox 620 1880 738 1923; x_wconf 88' lang='lat' dir='ltr'>itaque</span> <span class='ocrx_word' id='word_1_385' title='bbox 761 1879 864 1913; x_wconf 87' lang='lat' dir='ltr'>rebus</span> <span class='ocrx_word' id='word_1_386' title='bbox 886 1880 956 1913; x_wconf 91' lang='lat' dir='ltr'>suis</span> <span class='ocrx_word' id='word_1_387' title='bbox 979 1885 1014 1913; x_wconf 90' lang='lat' dir='ltr'>et</span> <span class='ocrx_word' id='word_1_388' title='bbox 1036 1880 1122 1913; x_wconf 88' lang='lat' dir='ltr'>urbe</span> <span class='ocrx_word' id='word_1_389' title='bbox 1146 1880 1191 1912; x_wconf 90' lang='lat' dir='ltr'>ad</span> <span class='ocrx_word' id='word_1_390' title='bbox 1213 1890 1310 1912; x_wconf 90' lang='lat' dir='ltr'>suum</span> <span class='ocrx_word' id='word_1_391' title='bbox 1334 1879 1468 1912; x_wconf 90' lang='lat' dir='ltr'>libitum</span> <span class='ocrx_word' id='word_1_392' title='bbox 1499 1880 1623 1912; x_wconf 90' lang='lat' dir='ltr'>melius</span> <span class='ocrx_word' id='word_1_393' title='bbox 1645 1881 1787 1918; x_wconf 87' lang='lat' dir='ltr'>firmata,</span> <span class='ocrx_word' id='word_1_394' title='bbox 1818 1886 1854 1911; x_wconf 93' lang='lat' dir='ltr'>ut</span> <span class='ocrx_word' id='word_1_395' title='bbox 1885 1880 1954 1912; x_wconf 88' lang='lat' dir='ltr'>suis</span> 
     </span>
     <span class='ocr_line' id='line_1_49' title="bbox 40 1932 1959 1978; baseline -0.001 -10"><span class='ocrx_word' id='word_1_396' title='bbox 40 1939 81 1968; x_wconf 58' lang='grc' dir='ltr'><em>Μ</em></span> <span class='ocrx_word' id='word_1_397' title='bbox 112 1944 230 1978; x_wconf 86' lang='lat' dir='ltr'>equos,</span> <span class='ocrx_word' id='word_1_398' title='bbox 253 1944 340 1978; x_wconf 87' lang='lat' dir='ltr'>quos</span> <span class='ocrx_word' id='word_1_399' title='bbox 363 1934 559 1972; x_wconf 89' lang='lat' dir='ltr'>amiserant,</span> <span class='ocrx_word' id='word_1_400' title='bbox 582 1933 751 1972; x_wconf 89' lang='lat' dir='ltr'>restituat,</span> <span class='ocrx_word' id='word_1_401' title='bbox 774 1944 893 1966; x_wconf 86' lang='lat' dir='ltr'>versus</span> <span class='ocrx_word' id='word_1_402' title='bbox 923 1933 1120 1966; x_wconf 87' lang='lat' dir='ltr'>Calabriam</span> <span class='ocrx_word' id='word_1_403' title='bbox 1151 1939 1186 1966; x_wconf 94' lang='lat' dir='ltr'>et</span> <span class='ocrx_word' id='word_1_404' title='bbox 1215 1932 1379 1976; x_wconf 89' lang='lat' dir='ltr'>Apuliam</span> <span class='ocrx_word' id='word_1_405' title='bbox 1411 1934 1617 1976; x_wconf 88' lang='lat' dir='ltr'>adquisitum</span> <span class='ocrx_word' id='word_1_406' title='bbox 1649 1933 1756 1971; x_wconf 88' lang='lat' dir='ltr'>vadit,</span> <span class='ocrx_word' id='word_1_407' title='bbox 1786 1944 1893 1967; x_wconf 85' lang='lat' dir='ltr'>uxore</span> <span class='ocrx_word' id='word_1_408' title='bbox 1924 1940 1959 1966; x_wconf 88' lang='lat' dir='ltr'>et</span> 
     </span>
     <span class='ocr_line' id='line_1_50' title="bbox 40 1983 1956 2031; baseline -0.001 -11"><span class='ocrx_word' id='word_1_409' title='bbox 40 1983 48 1991; x_wconf 76' lang='grc'>“’</span> <span class='ocrx_word' id='word_1_410' title='bbox 110 1986 275 2020; x_wconf 87' lang='lat' dir='ltr'>militibus</span> <span class='ocrx_word' id='word_1_411' title='bbox 298 1988 367 2020; x_wconf 82' lang='lat' dir='ltr'>suis</span> <span class='ocrx_word' id='word_1_412' title='bbox 389 1986 484 2030; x_wconf 90' lang='lat' dir='ltr'>apud</span> <span class='ocrx_word' id='word_1_413' title='bbox 506 1988 684 2031; x_wconf 89' lang='lat' dir='ltr'>Traynam</span> <span class='ocrx_word' id='word_1_414' title='bbox 701 1986 855 2020; x_wconf 86' lang='lat' dir='ltr'>dimissis.</span> <span class='ocrx_word' id='word_1_415' title='bbox 903 1986 1015 2026; x_wconf 88' lang='lat' dir='ltr'>Quae,</span> <span class='ocrx_word' id='word_1_416' title='bbox 1032 1988 1190 2030; x_wconf 88' lang='lat' dir='ltr'>quamvis</span> <span class='ocrx_word' id='word_1_417' title='bbox 1203 1987 1401 2030; x_wconf 79' lang='lat' dir='ltr'>juvencula,</span> <span class='ocrx_word' id='word_1_418' title='bbox 1417 1993 1512 2020; x_wconf 88' lang='lat' dir='ltr'>tanta</span> <span class='ocrx_word' id='word_1_419' title='bbox 1529 1987 1732 2020; x_wconf 87' lang='lat' dir='ltr'>strenuitate</span> <span class='ocrx_word' id='word_1_420' title='bbox 1749 1988 1867 2030; x_wconf 89' lang='lat' dir='ltr'>coepit</span> <span class='ocrx_word' id='word_1_421' title='bbox 1882 1998 1956 2020; x_wconf 89' lang='lat' dir='ltr'>esse</span> 
     </span>
     <span class='ocr_line' id='line_1_51' title="bbox 110 2040 1957 2081; baseline -0.001 -8"><span class='ocrx_word' id='word_1_422' title='bbox 110 2040 260 2074; x_wconf 87' lang='lat' dir='ltr'>sollicita</span> <span class='ocrx_word' id='word_1_423' title='bbox 283 2041 379 2074; x_wconf 85' lang='lat' dir='ltr'>circa</span> <span class='ocrx_word' id='word_1_424' title='bbox 401 2046 551 2073; x_wconf 86' lang='lat' dir='ltr'>castrum</span> <span class='ocrx_word' id='word_1_425' title='bbox 574 2041 753 2080; x_wconf 90' lang='lat' dir='ltr'>tuendum,</span> <span class='ocrx_word' id='word_1_426' title='bbox 776 2046 824 2079; x_wconf 83' lang='lat' dir='ltr'>ut,</span> <span class='ocrx_word' id='word_1_427' title='bbox 846 2040 966 2074; x_wconf 91' lang='lat' dir='ltr'>diatim</span> <span class='ocrx_word' id='word_1_428' title='bbox 991 2041 1161 2080; x_wconf 86' lang='lat' dir='ltr'>circuens,</span> <span class='ocrx_word' id='word_1_429' title='bbox 1184 2040 1245 2073; x_wconf 88' lang='lat' dir='ltr'>ubi</span> <span class='ocrx_word' id='word_1_430' title='bbox 1271 2041 1523 2073; x_wconf 89' lang='lat' dir='ltr'>meliorandum</span> <span class='ocrx_word' id='word_1_431' title='bbox 1554 2040 1704 2081; x_wconf 86' lang='lat' dir='ltr'>videbat,</span> <span class='ocrx_word' id='word_1_432' title='bbox 1735 2041 1890 2073; x_wconf 84' lang='lat' dir='ltr'>studeret</span> <span class='ocrx_word' id='word_1_433' title='bbox 1919 2047 1957 2073; x_wconf 91' lang='lat' dir='ltr'>ut</span> 
     </span>
     <span class='ocr_line' id='line_1_52' title="bbox 42 2093 1957 2139; baseline -0.001 -13"><span class='ocrx_word' id='word_1_434' title='bbox 42 2134 45 2139; x_wconf 25' lang='grc' dir='ltr'><em>Α</em></span> <span class='ocrx_word' id='word_1_435' title='bbox 113 2093 233 2127; x_wconf 82' lang='lat' dir='ltr'>fierent</span> <span class='ocrx_word' id='word_1_436' title='bbox 255 2093 389 2138; x_wconf 88' lang='lat' dir='ltr'>vigiles.</span> <span class='ocrx_word' id='word_1_437' title='bbox 434 2093 605 2137; x_wconf 86' lang='lat' dir='ltr'>Reliquos</span> <span class='ocrx_word' id='word_1_438' title='bbox 628 2103 757 2132; x_wconf 86' lang='lat' dir='ltr'>omnes,</span> <span class='ocrx_word' id='word_1_439' title='bbox 780 2104 867 2137; x_wconf 87' lang='lat' dir='ltr'>quos</span> <span class='ocrx_word' id='word_1_440' title='bbox 889 2093 954 2127; x_wconf 90' lang='lat' dir='ltr'>sibi</span> <span class='ocrx_word' id='word_1_441' title='bbox 977 2093 1136 2127; x_wconf 87' lang='lat' dir='ltr'>dominus</span> <span class='ocrx_word' id='word_1_442' title='bbox 1158 2105 1239 2127; x_wconf 87' lang='lat' dir='ltr'>suus</span> <span class='ocrx_word' id='word_1_443' title='bbox 1262 2093 1382 2127; x_wconf 88' lang='lat' dir='ltr'>abiens</span> <span class='ocrx_word' id='word_1_444' title='bbox 1406 2094 1593 2132; x_wconf 88' lang='lat' dir='ltr'>dimiserat,</span> <span class='ocrx_word' id='word_1_445' title='bbox 1617 2093 1743 2126; x_wconf 90' lang='lat' dir='ltr'>blande</span> <span class='ocrx_word' id='word_1_446' title='bbox 1767 2093 1957 2136; x_wconf 89' lang='lat' dir='ltr'>alloquens,</span> 
     </span>
     <span class='ocr_line' id='line_1_53' title="bbox 54 2146 1957 2191; baseline -0.001 -11.014"><span class='ocrx_word' id='word_1_447' title='bbox 54 2170 56 2178; x_wconf 50' lang='lat'><em>0</em></span> <span class='ocrx_word' id='word_1_448' title='bbox 109 2152 148 2180; x_wconf 88' lang='lat' dir='ltr'>ut</span> <span class='ocrx_word' id='word_1_449' title='bbox 170 2147 330 2190; x_wconf 87' lang='lat' dir='ltr'>sollicite,</span> <span class='ocrx_word' id='word_1_450' title='bbox 354 2158 442 2191; x_wconf 92' lang='lat' dir='ltr'>quae</span> <span class='ocrx_word' id='word_1_451' title='bbox 465 2147 636 2179; x_wconf 86' lang='lat' dir='ltr'>servanda</span> <span class='ocrx_word' id='word_1_452' title='bbox 658 2152 768 2186; x_wconf 88' lang='lat' dir='ltr'>erant,</span> <span class='ocrx_word' id='word_1_453' title='bbox 791 2146 1028 2189; x_wconf 87' lang='lat' dir='ltr'>providerent,</span> <span class='ocrx_word' id='word_1_454' title='bbox 1051 2147 1263 2185; x_wconf 88' lang='lat' dir='ltr'>hortabatur,</span> <span class='ocrx_word' id='word_1_455' title='bbox 1285 2147 1393 2179; x_wconf 89' lang='lat' dir='ltr'>multa</span> <span class='ocrx_word' id='word_1_456' title='bbox 1419 2148 1455 2180; x_wconf 91' lang='lat' dir='ltr'>in</span> <span class='ocrx_word' id='word_1_457' title='bbox 1471 2147 1585 2180; x_wconf 89' lang='lat' dir='ltr'>reditu</span> <span class='ocrx_word' id='word_1_458' title='bbox 1601 2146 1734 2179; x_wconf 86' lang='lat' dir='ltr'>domini</span> <span class='ocrx_word' id='word_1_459' title='bbox 1764 2147 1814 2178; x_wconf 90' lang='lat' dir='ltr'>sui</span> <span class='ocrx_word' id='word_1_460' title='bbox 1839 2157 1957 2189; x_wconf 89' lang='lat' dir='ltr'>repro-</span> 
     </span>
     <span class='ocr_line' id='line_1_54' title="bbox 35 2198 1956 2248; baseline -0.002 -14"><span class='ocrx_word' id='word_1_461' title='bbox 35 2198 54 2248; x_wconf 28' lang='lat' dir='ltr'>&#39;v</span> <span class='ocrx_word' id='word_1_462' title='bbox 70 2200 88 2234; x_wconf 89' lang='lat'>5</span> <span class='ocrx_word' id='word_1_463' title='bbox 111 2200 258 2235; x_wconf 85' lang='lat' dir='ltr'>mittens.</span> <span class='ocrx_word' id='word_1_464' title='bbox 305 2201 377 2235; x_wconf 89' lang='lat' dir='ltr'>Sed</span> <span class='ocrx_word' id='word_1_465' title='bbox 399 2207 434 2233; x_wconf 84' lang='lat' dir='ltr'>et</span> <span class='ocrx_word' id='word_1_466' title='bbox 457 2206 666 2233; x_wconf 87' lang='lat' dir='ltr'>transactum</span> <span class='ocrx_word' id='word_1_467' title='bbox 689 2200 895 2243; x_wconf 89' lang='lat' dir='ltr'>periculum,</span> <span class='ocrx_word' id='word_1_468' title='bbox 918 2210 972 2240; x_wconf 91' lang='lat' dir='ltr'>ne,</span> <span class='ocrx_word' id='word_1_469' title='bbox 996 2200 1148 2244; x_wconf 87' lang='lat' dir='ltr'>segniter</span> <span class='ocrx_word' id='word_1_470' title='bbox 1171 2200 1319 2245; x_wconf 87' lang='lat' dir='ltr'>agendo,</span> <span class='ocrx_word' id='word_1_471' title='bbox 1344 2201 1430 2243; x_wconf 90' lang='lat' dir='ltr'>quid</span> <span class='ocrx_word' id='word_1_472' title='bbox 1453 2201 1563 2233; x_wconf 88' lang='lat' dir='ltr'>simile</span> <span class='ocrx_word' id='word_1_473' title='bbox 1579 2201 1808 2239; x_wconf 88' lang='lat' dir='ltr'>incurrerent,</span> <span class='ocrx_word' id='word_1_474' title='bbox 1823 2200 1869 2232; x_wconf 91' lang='lat' dir='ltr'>ad</span> <span class='ocrx_word' id='word_1_475' title='bbox 1885 2209 1956 2232; x_wconf 88' lang='lat' dir='ltr'>me-</span> 
     </span>
     <span class='ocr_line' id='line_1_55' title="bbox 45 2254 478 2288; baseline -0.002 0"><span class='ocrx_word' id='word_1_476' title='bbox 45 2255 46 2258; x_wconf 75' lang='grc'>’</span> <span class='ocrx_word' id='word_1_477' title='bbox 112 2254 256 2288; x_wconf 85' lang='lat' dir='ltr'>moriam</span> <span class='ocrx_word' id='word_1_478' title='bbox 277 2254 478 2288; x_wconf 83' lang='lat' dir='ltr'>reducebat.</span> 
     </span>
    </p>
   </div>
   <div class='ocr_carea' id='block_1_5' title="bbox 59 2350 1958 2609">
    <p class='ocr_par' dir='ltr' id='par_1_5' title="bbox 112 2350 1956 2448">
     <span class='ocr_line' id='line_1_56' title="bbox 199 2350 1956 2395; baseline -0.001 -11"><span class='ocrx_word' id='word_1_479' title='bbox 199 2350 350 2384; x_wconf 88' lang='lat' dir='ltr'><strong>XXXII.</strong></span> <span class='ocrx_word' id='word_1_480' title='bbox 377 2370 413 2375; x_wconf 87' lang='lat'>-</span> <span class='ocrx_word' id='word_1_481' title='bbox 439 2351 564 2384; x_wconf 90' lang='lat' dir='ltr'>Comes</span> <span class='ocrx_word' id='word_1_482' title='bbox 586 2361 669 2385; x_wconf 90' lang='lat' dir='ltr'>vero</span> <span class='ocrx_word' id='word_1_483' title='bbox 692 2362 713 2384; x_wconf 92' lang='lat' dir='ltr'>a</span> <span class='ocrx_word' id='word_1_484' title='bbox 736 2351 899 2385; x_wconf 87' lang='lat' dir='ltr'>Calabria</span> <span class='ocrx_word' id='word_1_485' title='bbox 922 2357 957 2384; x_wconf 92' lang='lat' dir='ltr'>et</span> <span class='ocrx_word' id='word_1_486' title='bbox 979 2351 1120 2395; x_wconf 87' lang='lat' dir='ltr'>Apulia,</span> <span class='ocrx_word' id='word_1_487' title='bbox 1142 2359 1179 2385; x_wconf 93' lang='lat' dir='ltr'>ut</span> <span class='ocrx_word' id='word_1_488' title='bbox 1203 2363 1287 2395; x_wconf 88' lang='lat' dir='ltr'>apes</span> <span class='ocrx_word' id='word_1_489' title='bbox 1310 2351 1569 2390; x_wconf 86' lang='lat' dir='ltr'>studiosissima,</span> <span class='ocrx_word' id='word_1_490' title='bbox 1592 2351 1654 2388; x_wconf 89' lang='lat' dir='ltr'>his,</span> <span class='ocrx_word' id='word_1_491' title='bbox 1678 2361 1767 2394; x_wconf 90' lang='lat' dir='ltr'>quae</span> <span class='ocrx_word' id='word_1_492' title='bbox 1791 2351 1956 2384; x_wconf 88' lang='lat' dir='ltr'>militibus</span> 
     </span>
     <span class='ocr_line' id='line_1_57' title="bbox 112 2403 1955 2448; baseline 0 -12"><span class='ocrx_word' id='word_1_493' title='bbox 112 2403 308 2437; x_wconf 81' lang='lat' dir='ltr'>necessaria</span> <span class='ocrx_word' id='word_1_494' title='bbox 337 2410 445 2444; x_wconf 88' lang='lat' dir='ltr'>erant,</span> <span class='ocrx_word' id='word_1_495' title='bbox 476 2410 616 2437; x_wconf 90' lang='lat' dir='ltr'>onustus</span> <span class='ocrx_word' id='word_1_496' title='bbox 645 2405 795 2444; x_wconf 88' lang='lat' dir='ltr'>rediens,</span> <span class='ocrx_word' id='word_1_497' title='bbox 828 2415 947 2438; x_wconf 89' lang='lat' dir='ltr'>omnes</span> <span class='ocrx_word' id='word_1_498' title='bbox 978 2415 1057 2438; x_wconf 89' lang='lat' dir='ltr'>suos</span> <span class='ocrx_word' id='word_1_499' title='bbox 1087 2416 1148 2439; x_wconf 87' lang='lat' dir='ltr'>suo</span> <span class='ocrx_word' id='word_1_500' title='bbox 1179 2406 1331 2438; x_wconf 86' lang='lat' dir='ltr'>adventu</span> <span class='ocrx_word' id='word_1_501' title='bbox 1362 2405 1573 2444; x_wconf 86' lang='lat' dir='ltr'>laetificavit,</span> <span class='ocrx_word' id='word_1_502' title='bbox 1606 2416 1712 2448; x_wconf 88' lang='lat' dir='ltr'>equos</span> <span class='ocrx_word' id='word_1_503' title='bbox 1743 2410 1778 2437; x_wconf 89' lang='lat' dir='ltr'>et</span> <span class='ocrx_word' id='word_1_504' title='bbox 1809 2410 1955 2443; x_wconf 87' lang='lat' dir='ltr'>caetera,</span> 
     </span>
    </p>

    <p class='ocr_par' dir='ltr' id='par_1_6' title="bbox 59 2455 1958 2609">
     <span class='ocr_line' id='line_1_58' title="bbox 113 2455 1957 2502; baseline 0 -13"><span class='ocrx_word' id='word_1_505' title='bbox 113 2455 236 2500; x_wconf 86' lang='lat' dir='ltr'>quibus</span> <span class='ocrx_word' id='word_1_506' title='bbox 259 2467 346 2500; x_wconf 85' lang='lat' dir='ltr'>opus</span> <span class='ocrx_word' id='word_1_507' title='bbox 368 2456 555 2496; x_wconf 89' lang='lat' dir='ltr'>habebant,</span> <span class='ocrx_word' id='word_1_508' title='bbox 578 2458 647 2491; x_wconf 88' lang='lat' dir='ltr'>illis</span> <span class='ocrx_word' id='word_1_509' title='bbox 669 2458 879 2501; x_wconf 87' lang='lat' dir='ltr'>impertiens.</span> <span class='ocrx_word' id='word_1_510' title='bbox 925 2458 1122 2502; x_wconf 88' lang='lat' dir='ltr'>Aliquantis</span> <span class='ocrx_word' id='word_1_511' title='bbox 1146 2469 1230 2502; x_wconf 88' lang='lat' dir='ltr'>ergo</span> <span class='ocrx_word' id='word_1_512' title='bbox 1262 2458 1385 2491; x_wconf 90' lang='lat' dir='ltr'>diebus</span> <span class='ocrx_word' id='word_1_513' title='bbox 1415 2458 1524 2501; x_wconf 84' lang='lat' dir='ltr'>equis,</span> <span class='ocrx_word' id='word_1_514' title='bbox 1554 2468 1639 2501; x_wconf 88' lang='lat' dir='ltr'>quos</span> <span class='ocrx_word' id='word_1_515' title='bbox 1669 2458 1872 2496; x_wconf 85' lang='lat' dir='ltr'>adduxerat,</span> <span class='ocrx_word' id='word_1_516' title='bbox 1902 2467 1957 2489; x_wconf 91' lang='lat' dir='ltr'>re-</span> 
     </span>
     <span class='ocr_line' id='line_1_59' title="bbox 59 2502 1958 2556; baseline 0 -14"><span class='ocrx_word' id='word_1_517' title='bbox 59 2502 61 2507; x_wconf 55' lang='lat'><em>‘</em></span> <span class='ocrx_word' id='word_1_518' title='bbox 113 2510 248 2549; x_wconf 69' lang='lat' dir='ltr'>mestis,</span> <span class='ocrx_word' id='word_1_519' title='bbox 279 2516 457 2554; x_wconf 85' lang='lat' dir='ltr'>comperto</span> <span class='ocrx_word' id='word_1_520' title='bbox 488 2512 583 2555; x_wconf 91' lang='lat' dir='ltr'>quod</span> <span class='ocrx_word' id='word_1_521' title='bbox 614 2511 755 2545; x_wconf 83' lang='lat' dir='ltr'>Arabici</span> <span class='ocrx_word' id='word_1_522' title='bbox 787 2518 822 2544; x_wconf 88' lang='lat' dir='ltr'>et</span> <span class='ocrx_word' id='word_1_523' title='bbox 854 2511 1024 2550; x_wconf 78' lang='lat' dir='ltr'>Africani,</span> <span class='ocrx_word' id='word_1_524' title='bbox 1056 2513 1114 2556; x_wconf 92' lang='lat' dir='ltr'>qui</span> <span class='ocrx_word' id='word_1_525' title='bbox 1147 2511 1277 2544; x_wconf 88' lang='lat' dir='ltr'>Arabia</span> <span class='ocrx_word' id='word_1_526' title='bbox 1306 2517 1341 2544; x_wconf 90' lang='lat' dir='ltr'>et</span> <span class='ocrx_word' id='word_1_527' title='bbox 1371 2511 1505 2551; x_wconf 83' lang='lat' dir='ltr'>Africa,</span> <span class='ocrx_word' id='word_1_528' title='bbox 1536 2511 1632 2555; x_wconf 88' lang='lat' dir='ltr'>quasi</span> <span class='ocrx_word' id='word_1_529' title='bbox 1665 2511 1825 2544; x_wconf 83' lang='lat' dir='ltr'>auxilium</span> <span class='ocrx_word' id='word_1_530' title='bbox 1857 2510 1958 2543; x_wconf 89' lang='lat' dir='ltr'>laturi</span> 
     </span>
     <span class='ocr_line' id='line_1_60' title="bbox 91 2563 1958 2609; baseline 0 -12"><span class='ocrx_word' id='word_1_531' title='bbox 91 2578 94 2582; x_wconf 58' lang='lat'><em>&lt;</em></span> <span class='ocrx_word' id='word_1_532' title='bbox 112 2563 363 2601; x_wconf 79' lang='lat' dir='ltr'>siciliensibus.</span> <span class='ocrx_word' id='word_1_533' title='bbox 387 2575 491 2597; x_wconf 86' lang='lat' dir='ltr'>causa</span> <span class='ocrx_word' id='word_1_534' title='bbox 513 2564 683 2605; x_wconf 90' lang='lat' dir='ltr'>lucrandi,</span> <span class='ocrx_word' id='word_1_535' title='bbox 706 2566 919 2599; x_wconf 88' lang='lat' dir='ltr'>advenerant</span> <span class='ocrx_word' id='word_1_536' title='bbox 933 2565 954 2603; x_wconf 84' lang='lat'>¹,</span> <span class='ocrx_word' id='word_1_537' title='bbox 976 2565 1070 2608; x_wconf 89' lang='lat' dir='ltr'>apud</span> <span class='ocrx_word' id='word_1_538' title='bbox 1094 2564 1434 2609; x_wconf 85' lang='lat' dir='ltr'>Castrum-Johannis</span> <span class='ocrx_word' id='word_1_539' title='bbox 1455 2575 1564 2608; x_wconf 89' lang='lat' dir='ltr'>usque</span> <span class='ocrx_word' id='word_1_540' title='bbox 1588 2565 1632 2597; x_wconf 91' lang='lat' dir='ltr'>ad</span> <span class='ocrx_word' id='word_1_541' title='bbox 1655 2565 1862 2609; x_wconf 86' lang='lat' dir='ltr'>quingentos</span> <span class='ocrx_word' id='word_1_542' title='bbox 1885 2575 1958 2597; x_wconf 90' lang='lat' dir='ltr'>mo-</span> 
     </span>
    </p>
   </div>
   <div class='ocr_carea' id='block_1_6' title="bbox 55 2669 1957 2956">
    <p class='ocr_par' dir='ltr' id='par_1_7' title="bbox 61 2669 1957 2705">
     <span class='ocr_line' id='line_1_61' title="bbox 61 2669 1957 2705; baseline -0.001 -12"><span class='ocrx_word' id='word_1_543' title='bbox 61 2700 65 2705; x_wconf 29' lang='lat'>,</span> <span class='ocrx_word' id='word_1_544' title='bbox 203 2674 227 2694; x_wconf 78' lang='grc' dir='ltr'>ι.</span> <span class='ocrx_word' id='word_1_545' title='bbox 245 2669 390 2702; x_wconf 81' lang='lat' dir='ltr'>exercens]</span> <span class='ocrx_word' id='word_1_546' title='bbox 410 2671 544 2703; x_wconf 73' lang='lat' dir='ltr'>expetens</span> <span class='ocrx_word' id='word_1_547' title='bbox 561 2670 590 2696; x_wconf 88' lang='lat' dir='ltr'><em>P</em></span> <span class='ocrx_word' id='word_1_548' title='bbox 607 2683 615 2688; x_wconf 95' lang='lat'>-</span> <span class='ocrx_word' id='word_1_549' title='bbox 636 2672 748 2703; x_wconf 84' lang='lat' dir='ltr'>pratum</span> <span class='ocrx_word' id='word_1_550' title='bbox 765 2677 815 2695; x_wconf 81' lang='lat' dir='ltr'>om.</span> <span class='ocrx_word' id='word_1_551' title='bbox 833 2671 861 2696; x_wconf 87' lang='lat' dir='ltr'><em>P</em></span> <span class='ocrx_word' id='word_1_552' title='bbox 878 2685 910 2689; x_wconf 89' lang='lat'>—-</span> <span class='ocrx_word' id='word_1_553' title='bbox 929 2677 954 2703; x_wconf 87' lang='lat'>3.</span> <span class='ocrx_word' id='word_1_554' title='bbox 975 2670 1095 2695; x_wconf 78' lang='lat' dir='ltr'>saltibus</span> <span class='ocrx_word' id='word_1_555' title='bbox 1114 2677 1156 2695; x_wconf 80' lang='lat' dir='ltr'>om</span> <span class='ocrx_word' id='word_1_556' title='bbox 1176 2670 1239 2695; x_wconf 86' lang='lat' dir='ltr'>BD</span> <span class='ocrx_word' id='word_1_557' title='bbox 1257 2683 1266 2688; x_wconf 96' lang='lat'><em>-</em></span> <span class='ocrx_word' id='word_1_558' title='bbox 1286 2670 1381 2695; x_wconf 87' lang='lat' dir='ltr'>diruta</span> <span class='ocrx_word' id='word_1_559' title='bbox 1399 2670 1426 2693; x_wconf 88' lang='lat' dir='ltr'><em>P</em></span> <span class='ocrx_word' id='word_1_560' title='bbox 1440 2683 1450 2687; x_wconf 99' lang='lat'>-</span> <span class='ocrx_word' id='word_1_561' title='bbox 1470 2670 1510 2694; x_wconf 83' lang='lat' dir='ltr'>sie</span> <span class='ocrx_word' id='word_1_562' title='bbox 1528 2677 1576 2694; x_wconf 86' lang='lat' dir='ltr'>om.</span> <span class='ocrx_word' id='word_1_563' title='bbox 1591 2669 1655 2693; x_wconf 84' lang='lat' dir='ltr'>BD</span> <span class='ocrx_word' id='word_1_564' title='bbox 1668 2682 1700 2686; x_wconf 85' lang='lat'><em>-</em></span> <span class='ocrx_word' id='word_1_565' title='bbox 1714 2676 1739 2700; x_wconf 89' lang='lat'>4.</span> <span class='ocrx_word' id='word_1_566' title='bbox 1753 2669 1920 2702; x_wconf 81' lang='lat' dir='ltr'>adjacebant</span> <span class='ocrx_word' id='word_1_567' title='bbox 1933 2669 1957 2692; x_wconf 84' lang='lat' dir='ltr'><em>B</em></span> 
     </span>
    </p>

    <p class='ocr_par' dir='ltr' id='par_1_8' title="bbox 60 2711 1957 2749">
     <span class='ocr_line' id='line_1_62' title="bbox 60 2711 1957 2749; baseline 0.001 -14"><span class='ocrx_word' id='word_1_568' title='bbox 60 2737 67 2749; x_wconf 25' lang='grc' dir='ltr'><strong><em>ἢ</em></strong></span> <span class='ocrx_word' id='word_1_569' title='bbox 117 2723 148 2730; x_wconf 86' lang='lat'><em>—</em></span> <span class='ocrx_word' id='word_1_570' title='bbox 168 2716 192 2744; x_wconf 84' lang='lat'>7.</span> <span class='ocrx_word' id='word_1_571' title='bbox 210 2717 308 2744; x_wconf 70' lang='lat' dir='ltr'>aspera</span> <span class='ocrx_word' id='word_1_572' title='bbox 328 2711 390 2737; x_wconf 83' lang='lat' dir='ltr'>BD</span> <span class='ocrx_word' id='word_1_573' title='bbox 408 2725 441 2731; x_wconf 98' lang='lat'><strong>—</strong></span> <span class='ocrx_word' id='word_1_574' title='bbox 461 2711 486 2738; x_wconf 92' lang='lat'>8.</span> <span class='ocrx_word' id='word_1_575' title='bbox 504 2712 621 2738; x_wconf 82' lang='lat' dir='ltr'>civitate</span> <span class='ocrx_word' id='word_1_576' title='bbox 639 2713 695 2738; x_wconf 83' lang='lat' dir='ltr'>PC</span> <span class='ocrx_word' id='word_1_577' title='bbox 713 2726 744 2731; x_wconf 91' lang='lat'>—</span> <span class='ocrx_word' id='word_1_578' title='bbox 764 2721 790 2746; x_wconf 90' lang='lat'>9.</span> <span class='ocrx_word' id='word_1_579' title='bbox 810 2713 851 2739; x_wconf 80' lang='lat' dir='ltr'>lbi</span> <span class='ocrx_word' id='word_1_580' title='bbox 870 2711 925 2745; x_wconf 79' lang='lat' dir='ltr'>ita]</span> <span class='ocrx_word' id='word_1_581' title='bbox 944 2712 1010 2737; x_wconf 86' lang='lat' dir='ltr'>urbs</span> <span class='ocrx_word' id='word_1_582' title='bbox 1028 2712 1056 2737; x_wconf 88' lang='grc' dir='ltr'><em>Ρ</em></span> <span class='ocrx_word' id='word_1_583' title='bbox 1071 2725 1105 2730; x_wconf 93' lang='lat'>—-</span> <span class='ocrx_word' id='word_1_584' title='bbox 1122 2719 1164 2738; x_wconf 87' lang='lat'>10.</span> <span class='ocrx_word' id='word_1_585' title='bbox 1177 2712 1376 2746; x_wconf 85' lang='lat' dir='ltr'>sulphurei...</span> <span class='ocrx_word' id='word_1_586' title='bbox 1387 2731 1393 2737; x_wconf 87' lang='lat'>.</span> <span class='ocrx_word' id='word_1_587' title='bbox 1407 2712 1581 2744; x_wconf 86' lang='lat' dir='ltr'>temporibus</span> <span class='ocrx_word' id='word_1_588' title='bbox 1593 2718 1642 2736; x_wconf 77' lang='lat' dir='ltr'>om.</span> <span class='ocrx_word' id='word_1_589' title='bbox 1658 2712 1722 2736; x_wconf 87' lang='lat' dir='ltr'>BD</span> <span class='ocrx_word' id='word_1_590' title='bbox 1735 2724 1743 2729; x_wconf 94' lang='lat'><em>-</em></span> <span class='ocrx_word' id='word_1_591' title='bbox 1757 2711 1874 2735; x_wconf 86' lang='lat' dir='ltr'>minime</span> <span class='ocrx_word' id='word_1_592' title='bbox 1887 2711 1957 2736; x_wconf 79' lang='lat' dir='ltr'>satis</span> 
     </span>
    </p>

    <p class='ocr_par' dir='ltr' id='par_1_9' title="bbox 55 2749 1957 2788">
     <span class='ocr_line' id='line_1_63' title="bbox 114 2753 1957 2788; baseline -0.001 -10.031"><span class='ocrx_word' id='word_1_593' title='bbox 114 2759 161 2778; x_wconf 68' lang='lat' dir='ltr'>on.</span> <span class='ocrx_word' id='word_1_594' title='bbox 180 2753 209 2778; x_wconf 87' lang='grc' dir='ltr'>,Ρ</span> <span class='ocrx_word' id='word_1_595' title='bbox 224 2765 256 2771; x_wconf 91' lang='grc'>--</span> <span class='ocrx_word' id='word_1_596' title='bbox 279 2760 319 2780; x_wconf 82' lang='lat'>11.</span> <span class='ocrx_word' id='word_1_597' title='bbox 336 2754 487 2787; x_wconf 80' lang='lat' dir='ltr'>grandinis</span> <span class='ocrx_word' id='word_1_598' title='bbox 505 2754 531 2778; x_wconf 98' lang='grc' dir='ltr'><em>Ρ</em></span> <span class='ocrx_word' id='word_1_599' title='bbox 546 2768 578 2774; x_wconf 87' lang='lat'>—-</span> <span class='ocrx_word' id='word_1_600' title='bbox 600 2760 641 2780; x_wconf 72' lang='grc' dir='ltr'>η.</span> <span class='ocrx_word' id='word_1_601' title='bbox 659 2756 782 2780; x_wconf 81' lang='lat' dir='ltr'>aestuari</span> <span class='ocrx_word' id='word_1_602' title='bbox 802 2762 850 2779; x_wconf 73' lang='lat' dir='ltr'>om.</span> <span class='ocrx_word' id='word_1_603' title='bbox 869 2755 934 2780; x_wconf 85' lang='lat' dir='ltr'>BD</span> <span class='ocrx_word' id='word_1_604' title='bbox 953 2768 962 2773; x_wconf 87' lang='lat'><em>-</em></span> <span class='ocrx_word' id='word_1_605' title='bbox 981 2754 1078 2788; x_wconf 81' lang='lat' dir='ltr'>flante]</span> <span class='ocrx_word' id='word_1_606' title='bbox 1096 2756 1190 2780; x_wconf 83' lang='lat' dir='ltr'>stante</span> <span class='ocrx_word' id='word_1_607' title='bbox 1207 2755 1269 2780; x_wconf 83' lang='lat' dir='ltr'>PC</span> <span class='ocrx_word' id='word_1_608' title='bbox 1284 2769 1317 2773; x_wconf 97' lang='lat'><strong>—</strong></span> <span class='ocrx_word' id='word_1_609' title='bbox 1340 2762 1378 2786; x_wconf 87' lang='lat'>¹3-</span> <span class='ocrx_word' id='word_1_610' title='bbox 1399 2755 1514 2787; x_wconf 86' lang='lat' dir='ltr'>propter</span> <span class='ocrx_word' id='word_1_611' title='bbox 1531 2761 1579 2778; x_wconf 84' lang='lat' dir='ltr'>om.</span> <span class='ocrx_word' id='word_1_612' title='bbox 1599 2754 1627 2778; x_wconf 88' lang='lat' dir='ltr'><em>P</em></span> <span class='ocrx_word' id='word_1_613' title='bbox 1640 2767 1669 2770; x_wconf 88' lang='lat'>—</span> <span class='ocrx_word' id='word_1_614' title='bbox 1687 2760 1727 2785; x_wconf 81' lang='lat'>14.</span> <span class='ocrx_word' id='word_1_615' title='bbox 1739 2754 1818 2778; x_wconf 86' lang='lat' dir='ltr'>urbis</span> <span class='ocrx_word' id='word_1_616' title='bbox 1830 2761 1878 2778; x_wconf 85' lang='lat' dir='ltr'>om.</span> <span class='ocrx_word' id='word_1_617' title='bbox 1892 2753 1957 2778; x_wconf 83' lang='lat' dir='ltr'>BD</span> 
     </span>
    </p>

    <p class='ocr_par' dir='ltr' id='par_1_10' title="bbox 57 2790 1955 2829">
     <span class='ocr_line' id='line_1_64' title="bbox 57 2790 1955 2829; baseline 0 -9"><span class='ocrx_word' id='word_1_618' title='bbox 57 2790 69 2812; x_wconf 54' lang='lat'>2</span> <span class='ocrx_word' id='word_1_619' title='bbox 115 2806 148 2814; x_wconf 88' lang='lat'>--</span> <span class='ocrx_word' id='word_1_620' title='bbox 163 2793 203 2820; x_wconf 82' lang='lat'>16.</span> <span class='ocrx_word' id='word_1_621' title='bbox 216 2796 377 2829; x_wconf 81' lang='lat' dir='ltr'>redderent]</span> <span class='ocrx_word' id='word_1_622' title='bbox 398 2796 524 2822; x_wconf 77' lang='lat' dir='ltr'>facerent</span> <span class='ocrx_word' id='word_1_623' title='bbox 542 2797 614 2822; x_wconf 81' lang='lat' dir='ltr'>P-</span> <span class='ocrx_word' id='word_1_624' title='bbox 629 2796 670 2822; x_wconf 83' lang='lat'>18.</span> <span class='ocrx_word' id='word_1_625' title='bbox 682 2796 808 2822; x_wconf 75' lang='lat' dir='ltr'>rebraret</span> <span class='ocrx_word' id='word_1_626' title='bbox 819 2798 847 2822; x_wconf 88' lang='lat' dir='ltr'><em>P</em></span> <span class='ocrx_word' id='word_1_627' title='bbox 859 2810 868 2815; x_wconf 97' lang='lat'>-</span> <span class='ocrx_word' id='word_1_628' title='bbox 882 2798 959 2822; x_wconf 82' lang='lat' dir='ltr'>intra</span> <span class='ocrx_word' id='word_1_629' title='bbox 971 2797 1000 2822; x_wconf 88' lang='grc' dir='ltr'><em>Ρ</em></span> <span class='ocrx_word' id='word_1_630' title='bbox 1011 2810 1042 2815; x_wconf 83' lang='grc'><strong>-</strong></span> <span class='ocrx_word' id='word_1_631' title='bbox 1059 2804 1100 2829; x_wconf 89' lang='lat'>¹9-</span> <span class='ocrx_word' id='word_1_632' title='bbox 1114 2799 1236 2822; x_wconf 86' lang='lat' dir='ltr'>castrum</span> <span class='ocrx_word' id='word_1_633' title='bbox 1251 2799 1315 2823; x_wconf 88' lang='lat' dir='ltr'>BD</span> <span class='ocrx_word' id='word_1_634' title='bbox 1327 2811 1360 2815; x_wconf 97' lang='lat'><strong>—</strong></span> <span class='ocrx_word' id='word_1_635' title='bbox 1375 2803 1416 2821; x_wconf 87' lang='lat'>20.</span> <span class='ocrx_word' id='word_1_636' title='bbox 1431 2798 1595 2827; x_wconf 81' lang='lat' dir='ltr'>armataque</span> <span class='ocrx_word' id='word_1_637' title='bbox 1607 2796 1635 2819; x_wconf 90' lang='lat' dir='ltr'><em>P</em></span> <span class='ocrx_word' id='word_1_638' title='bbox 1646 2808 1678 2812; x_wconf 91' lang='lat'>-—-</span> <span class='ocrx_word' id='word_1_639' title='bbox 1694 2801 1734 2819; x_wconf 85' lang='lat'>21.</span> <span class='ocrx_word' id='word_1_640' title='bbox 1748 2795 1907 2820; x_wconf 82' lang='lat' dir='ltr'>Polokinus</span> <span class='ocrx_word' id='word_1_641' title='bbox 1921 2795 1955 2824; x_wconf 72' lang='grc' dir='ltr'>σς</span> 
     </span>
    </p>

    <p class='ocr_par' dir='ltr' id='par_1_11' title="bbox 55 2836 1956 2871">
     <span class='ocr_line' id='line_1_65' title="bbox 55 2836 1956 2871; baseline -0.001 -9"><span class='ocrx_word' id='word_1_642' title='bbox 55 2840 60 2846; x_wconf 78' lang='grc'>·’</span> <span class='ocrx_word' id='word_1_643' title='bbox 114 2836 235 2864; x_wconf 75' lang='lat' dir='ltr'>PornIus</span> <span class='ocrx_word' id='word_1_644' title='bbox 253 2837 371 2871; x_wconf 70' lang='lat' dir='ltr'>(Phaon.</span> <span class='ocrx_word' id='word_1_645' title='bbox 394 2838 531 2868; x_wconf 71' lang='lat' dir='ltr'>Vaticano,</span> <span class='ocrx_word' id='word_1_646' title='bbox 549 2839 578 2863; x_wconf 77' lang='lat' dir='ltr'>in</span> <span class='ocrx_word' id='word_1_647' title='bbox 596 2838 655 2864; x_wconf 69' lang='grc' dir='ltr'>ΚΕ.</span> <span class='ocrx_word' id='word_1_648' title='bbox 675 2838 715 2864; x_wconf 86' lang='lat' dir='ltr'>II.</span> <span class='ocrx_word' id='word_1_649' title='bbox 733 2838 796 2867; x_wconf 79' lang='lat' dir='ltr'><em>SS..</em></span> <span class='ocrx_word' id='word_1_650' title='bbox 820 2838 897 2867; x_wconf 80' lang='lat' dir='ltr'>VIII,</span> <span class='ocrx_word' id='word_1_651' title='bbox 915 2838 977 2871; x_wconf 82' lang='lat'>760,</span> <span class='ocrx_word' id='word_1_652' title='bbox 996 2838 1031 2863; x_wconf 79' lang='grc' dir='ltr'>Ιια</span> <span class='ocrx_word' id='word_1_653' title='bbox 1048 2837 1191 2871; x_wconf 89' lang='lat' dir='ltr'>Slotinus)</span> <span class='ocrx_word' id='word_1_654' title='bbox 1210 2853 1242 2858; x_wconf 91' lang='lat'><strong>—</strong></span> <span class='ocrx_word' id='word_1_655' title='bbox 1263 2846 1304 2863; x_wconf 83' lang='lat'>22.</span> <span class='ocrx_word' id='word_1_656' title='bbox 1324 2839 1492 2863; x_wconf 80' lang='lat' dir='ltr'>traditionis</span> <span class='ocrx_word' id='word_1_657' title='bbox 1510 2838 1536 2861; x_wconf 83' lang='lat' dir='ltr'><em>P</em></span> <span class='ocrx_word' id='word_1_658' title='bbox 1552 2851 1560 2855; x_wconf 97' lang='lat'><em>-</em></span> <span class='ocrx_word' id='word_1_659' title='bbox 1581 2837 1761 2868; x_wconf 84' lang='lat' dir='ltr'>sequentibus</span> <span class='ocrx_word' id='word_1_660' title='bbox 1779 2837 1844 2862; x_wconf 85' lang='lat' dir='ltr'>BD</span> <span class='ocrx_word' id='word_1_661' title='bbox 1862 2851 1894 2856; x_wconf 91' lang='lat'><strong>—</strong></span> <span class='ocrx_word' id='word_1_662' title='bbox 1915 2844 1956 2870; x_wconf 83' lang='lat'>²3-</span> 
     </span>
    </p>

    <p class='ocr_par' dir='ltr' id='par_1_12' title="bbox 59 2875 1955 2956">
     <span class='ocr_line' id='line_1_66' title="bbox 59 2875 1955 2914; baseline -0.001 -8"><span class='ocrx_word' id='word_1_663' title='bbox 59 2875 61 2877; x_wconf 46' lang='lat'>¹</span> <span class='ocrx_word' id='word_1_664' title='bbox 114 2880 234 2913; x_wconf 80' lang='lat' dir='ltr'>honore]</span> <span class='ocrx_word' id='word_1_665' title='bbox 252 2888 329 2906; x_wconf 83' lang='lat' dir='ltr'>more</span> <span class='ocrx_word' id='word_1_666' title='bbox 347 2882 375 2906; x_wconf 84' lang='grc' dir='ltr'><em>Ρ</em></span> <span class='ocrx_word' id='word_1_667' title='bbox 391 2894 424 2899; x_wconf 86' lang='lat'>-</span> <span class='ocrx_word' id='word_1_668' title='bbox 444 2888 487 2913; x_wconf 87' lang='lat'>²4·</span> <span class='ocrx_word' id='word_1_669' title='bbox 506 2881 562 2907; x_wconf 89' lang='lat' dir='ltr'>olei</span> <span class='ocrx_word' id='word_1_670' title='bbox 582 2883 815 2913; x_wconf 81' lang='lat' dir='ltr'>coeterorumque</span> <span class='ocrx_word' id='word_1_671' title='bbox 833 2881 858 2905; x_wconf 89' lang='grc' dir='ltr'><em>Ρ</em></span> <span class='ocrx_word' id='word_1_672' title='bbox 873 2893 906 2899; x_wconf 89' lang='grc'><strong>-</strong></span> <span class='ocrx_word' id='word_1_673' title='bbox 925 2887 967 2914; x_wconf 88' lang='lat'>31.</span> <span class='ocrx_word' id='word_1_674' title='bbox 987 2882 1096 2914; x_wconf 82' lang='lat' dir='ltr'>accepit</span> <span class='ocrx_word' id='word_1_675' title='bbox 1116 2882 1142 2906; x_wconf 86' lang='grc' dir='ltr'><em>Β</em></span> <span class='ocrx_word' id='word_1_676' title='bbox 1162 2895 1192 2900; x_wconf 95' lang='lat'>—-</span> <span class='ocrx_word' id='word_1_677' title='bbox 1213 2888 1256 2914; x_wconf 85' lang='lat'>3²·</span> <span class='ocrx_word' id='word_1_678' title='bbox 1275 2882 1419 2906; x_wconf 85' lang='lat' dir='ltr'>meliorem</span> <span class='ocrx_word' id='word_1_679' title='bbox 1435 2881 1460 2904; x_wconf 86' lang='grc' dir='ltr'><em>Ρ</em></span> <span class='ocrx_word' id='word_1_680' title='bbox 1472 2894 1502 2897; x_wconf 86' lang='lat'>—</span> <span class='ocrx_word' id='word_1_681' title='bbox 1517 2887 1559 2912; x_wconf 87' lang='lat'>33.</span> <span class='ocrx_word' id='word_1_682' title='bbox 1575 2880 1693 2911; x_wconf 82' lang='lat' dir='ltr'>vigiliae</span> <span class='ocrx_word' id='word_1_683' title='bbox 1705 2880 1732 2904; x_wconf 85' lang='lat' dir='ltr'><em>P</em></span> <span class='ocrx_word' id='word_1_684' title='bbox 1743 2894 1775 2897; x_wconf 97' lang='lat'><strong>—</strong></span> <span class='ocrx_word' id='word_1_685' title='bbox 1789 2879 1831 2911; x_wconf 88' lang='lat'>36.</span> <span class='ocrx_word' id='word_1_686' title='bbox 1845 2881 1955 2905; x_wconf 85' lang='lat' dir='ltr'>reducit</span> 
     </span>
     <span class='ocr_line' id='line_1_67' title="bbox 114 2921 499 2956; baseline 0 -9"><span class='ocrx_word' id='word_1_687' title='bbox 114 2921 172 2948; x_wconf 76' lang='lat' dir='ltr'>Pe</span> <span class='ocrx_word' id='word_1_688' title='bbox 187 2936 220 2941; x_wconf 86' lang='lat'>—</span> <span class='ocrx_word' id='word_1_689' title='bbox 238 2929 282 2956; x_wconf 77' lang='lat'>41.</span> <span class='ocrx_word' id='word_1_690' title='bbox 301 2930 388 2956; x_wconf 83' lang='lat' dir='ltr'>usque</span> <span class='ocrx_word' id='word_1_691' title='bbox 404 2931 454 2950; x_wconf 75' lang='lat' dir='ltr'>om.</span> <span class='ocrx_word' id='word_1_692' title='bbox 473 2923 499 2947; x_wconf 90' lang='lat' dir='ltr'><em>B</em></span> 
     </span>
    </p>
   </div>
   <div class='ocr_carea' id='block_1_7' title="bbox 203 2995 1957 3046">
    <p class='ocr_par' dir='ltr' id='par_1_13' title="bbox 203 2995 1957 3046">
     <span class='ocr_line' id='line_1_68' title="bbox 203 2995 1957 3046; baseline -0.001 -9"><span class='ocrx_word' id='word_1_693' title='bbox 203 3008 213 3027; x_wconf 78' lang='lat'>⁵</span> <span class='ocrx_word' id='word_1_694' title='bbox 231 3010 309 3037; x_wconf 74' lang='lat' dir='ltr'>Seno</span> <span class='ocrx_word' id='word_1_695' title='bbox 326 3011 369 3046; x_wconf 75' lang='lat' dir='ltr'>gn</span> <span class='ocrx_word' id='word_1_696' title='bbox 387 3012 461 3037; x_wconf 74' lang='lat' dir='ltr'>siuti</span> <span class='ocrx_word' id='word_1_697' title='bbox 480 3011 584 3045; x_wconf 75' lang='lat' dir='ltr'>spediti</span> <span class='ocrx_word' id='word_1_698' title='bbox 604 3013 639 3038; x_wconf 86' lang='lat' dir='ltr'>da</span> <span class='ocrx_word' id='word_1_699' title='bbox 657 3010 769 3043; x_wconf 72' lang='lat' dir='ltr'>Tamtu,</span> <span class='ocrx_word' id='word_1_700' title='bbox 787 3019 817 3036; x_wconf 87' lang='lat' dir='ltr'>re</span> <span class='ocrx_word' id='word_1_701' title='bbox 839 3011 870 3038; x_wconf 89' lang='lat' dir='ltr'>dl</span> <span class='ocrx_word' id='word_1_702' title='bbox 895 2995 1007 3042; x_wconf 76' lang='lat' dir='ltr'>Tunlnl,</span> <span class='ocrx_word' id='word_1_703' title='bbox 1061 3013 1087 3038; x_wconf 79' lang='lat' dir='ltr'>al</span> <span class='ocrx_word' id='word_1_704' title='bbox 1108 3013 1190 3045; x_wconf 85' lang='lat' dir='ltr'>quale</span> <span class='ocrx_word' id='word_1_705' title='bbox 1210 3020 1296 3038; x_wconf 78' lang='lat' dir='ltr'>erano</span> <span class='ocrx_word' id='word_1_706' title='bbox 1316 3013 1416 3037; x_wconf 83' lang='lat' dir='ltr'>ricorsi</span> <span class='ocrx_word' id='word_1_707' title='bbox 1438 3012 1447 3037; x_wconf 86' lang='lat'><em>1</em></span> <span class='ocrx_word' id='word_1_708' title='bbox 1467 3010 1652 3036; x_wconf 73' lang='lat' dir='ltr'>Mussulmnni</span> <span class='ocrx_word' id='word_1_709' title='bbox 1680 3010 1708 3035; x_wconf 83' lang='lat' dir='ltr'>di</span> <span class='ocrx_word' id='word_1_710' title='bbox 1734 3010 1842 3042; x_wconf 81' lang='lat' dir='ltr'>Sicilia,</span> <span class='ocrx_word' id='word_1_711' title='bbox 1862 3018 1957 3044; x_wconf 80' lang='lat' dir='ltr'>preoc-</span> 
     </span>
    </p>
   </div>
   <div class='ocr_carea' id='block_1_8' title="bbox 2015 833 2125 856">
    <p class='ocr_par' dir='ltr' id='par_1_14' title="bbox 2015 833 2125 856">
     <span class='ocr_line' id='line_1_69' title="bbox 2015 833 2125 856; baseline -0.009 -4"><span class='ocrx_word' id='word_1_712' title='bbox 2015 833 2046 856; x_wconf 85' lang='lat' dir='ltr'>D,</span> <span class='ocrx_word' id='word_1_713' title='bbox 2063 837 2101 852; x_wconf 80' lang='lat'>100</span> <span class='ocrx_word' id='word_1_714' title='bbox 2111 837 2125 851; x_wconf 85' lang='lat' dir='ltr'>r</span> 
     </span>
    </p>
   </div>
   <div class='ocr_carea' id='block_1_9' title="bbox 2032 1890 2120 1915">
    <p class='ocr_par' dir='ltr' id='par_1_15' title="bbox 2032 1890 2120 1915">
     <span class='ocr_line' id='line_1_70' title="bbox 2032 1890 2120 1915; baseline -0.011 -5"><span class='ocrx_word' id='word_1_715' title='bbox 2032 1890 2056 1915; x_wconf 76' lang='lat' dir='ltr'>C,</span> <span class='ocrx_word' id='word_1_716' title='bbox 2073 1891 2099 1910; x_wconf 81' lang='grc' dir='ltr'>ιό·</span> <span class='ocrx_word' id='word_1_717' title='bbox 2106 1896 2120 1909; x_wconf 84' lang='lat' dir='ltr'><em>v</em></span> 
     </span>
    </p>
   </div>
  </div>
 </body>
</html>
