2314 3418
177 345 200 369 C,
215 351 242 371 μ
251 352 264 365 r

161 1435 190 1458 D,
207 1441 245 1460 1³7
252 1441 266 1454 v

160 1540 235 1564 Mun„
251 1547 288 1566 59²

297 2419 310 2444 5

282 2663 314 2680 10

282 2872 309 2897 15

351 214 395 248 88
925 211 1193 247 GAUFREDI
1224 211 1601 248 MALATERRAE
2012 217 2062 253 [Α.
2085 218 2179 251 ross]

348 335 450 378 cogit.
496 335 600 368 Unde
624 340 658 367 et
681 345 789 377 usque
813 334 858 367 ad
880 332 1040 366 undecim
1057 343 1142 366 aevo
1158 333 1255 366 brevi
1271 332 1452 377 subjugata
1466 332 1532 366 sibi
1547 333 1676 377 alligat,
1692 344 1834 378 quorum
1850 335 1916 368 ista
1929 341 2008 368 sunt
2025 334 2179 367 nomina:

346 387 525 420 Platanum
540 386 562 426 ¹,
592 387 717 419 Missar
730 387 754 426 ²,
791 386 1015 419 Guastaliella
1025 385 1049 424 ³,
1081 385 1205 418 Sutera
1216 385 1239 424 ⁴,
1269 384 1506 427 Raselbifar⁵‚
1540 385 1696 420 Mocluse
1709 387 1733 426 ⁶,
1764 387 1860 421 Naru
1871 387 1895 427 ⁷,
1929 388 2146 422 Calatenixet
2155 386 2180 427 ⁸,

348 441 451 485 quod,
476 445 590 473 nostra
612 440 732 484 lingua
754 440 1027 481 interpretatum,
1051 437 1237 471 resolvitur
1261 438 1419 471 Castrum
1432 437 1684 480 foeminarum,
1705 439 1829 473 Licata
1841 441 1864 479 ⁹,
1887 441 2093 474 Remunisse
2106 440 2144 473 ¹⁰.

433 519 492 553 V1.
518 538 558 544 —
582 520 708 553 Comes
729 520 855 563 itaque,
878 518 943 551 sibi
965 518 1080 551 omnia
1103 528 1268 561 prospere
1300 519 1427 551 cedere
1460 519 1526 551 Dei
1555 519 1776 553 miseratione
1808 530 2033 566 cognoscens,
2057 521 2180 567 adjicit

346 572 686 616 Castrum-Johannis
709 571 772 605 sibi
795 577 853 605 aut
875 571 1098 614 oppressione
1121 577 1181 604 aut
1203 577 1296 604 certe
1318 576 1405 610 astu,
1429 571 1543 614 aliqua
1566 572 1757 615 composita
1779 573 2098 613 confoederatione,
2114 573 2181 607 sibi

345 625 531 669 applicare.
578 625 682 658 Unde
706 630 740 657 et
763 625 912 667 quodam
937 623 1090 656 diluculo
1114 634 1191 656 cum
1216 629 1353 656 centum
1387 623 1552 657 militibus
1582 635 1700 657 versus
1728 625 2069 671 Castrum-Johannis
2098 637 2180 670 pro-

346 689 481 722 perans,
505 678 722 716 Chamutum,
746 678 889 710 foedere
913 677 1130 719 interposito,
1153 677 1221 710 sibi
1244 677 1397 710 locutum
1421 677 1554 710 invitat.
1602 677 1716 716 Quem
1741 677 1886 712 diversis
1908 679 2093 713 verborum
2109 681 2177 714 cir-

345 732 550 765 cuitionibus
573 737 756 771 attentans,
779 731 957 764 deditione
982 731 1086 764 castri
1109 736 1145 763 et
1168 731 1395 765 conversione
1418 731 1463 764 ad
1487 730 1616 764 Christi
1640 731 1855 774 baptismatis
1884 734 2179 776 regenerationem

345 785 469 828 pulsat.
513 784 621 818 Porro
645 785 714 823 ille,
740 794 967 827 cognoscens,
990 784 1227 827 experimento
1250 784 1294 817 de
1318 784 1394 816 aliis
1416 790 1563 827 sumpto,
1585 783 1759 818 'comitem
1781 786 1827 819 ad
1857 786 2099 830 quodcumque
2129 788 2181 820 in-

344 839 514 877 tenderet,
538 837 678 870 fortuna
701 838 854 876 favente,
876 837 965 870 nihil
989 837 1116 870 frustra
1138 836 1212 876 niti,
1235 837 1482 881 aliquantulum
1504 837 1609 870 etiam
1633 838 1677 871 de
1701 838 1927 871 conversione
1949 839 1996 872 ad
2010 839 2113 873 fidem
2129 846 2180 874 ta-

343 892 413 924 cito
435 892 498 924 sub
520 897 663 934 pectore
687 890 882 933 inspiratus,
907 890 994 923 clam
1018 900 1096 923 suos
1118 890 1200 933 agit,
1224 895 1271 928 ut,
1294 895 1423 923 statuto
1446 890 1603 930 termino,
1615 901 1742 929 comes,
1758 901 1836 924 cum
1852 902 1914 924 suo
1931 892 2087 925 exercitu
2101 899 2181 927 ante

344 950 491 977 castrum
514 944 667 982 veniens,
691 943 803 986 ipsum
827 954 905 976 cum
929 943 1021 976 omni
1044 942 1276 985 suppellectili
1299 953 1360 975 sua
1382 944 1428 976 ad
1451 954 1487 975 se
1503 944 1788 988 transfugientem
1805 945 1989 987 suscipiat.-
2023 944 2183 979 Timebat

345 998 446 1037 enim,
468 1008 513 1030 ne
536 998 564 1030 si
585 998 621 1029 in
645 997 829 1040 propatulo
852 997 959 1035 fieret,
984 996 1078 1039 quod
1099 1002 1249 1029 castrum
1272 997 1422 1030 reddere
1444 996 1500 1029 vel
1523 997 1568 1030 ad
1583 997 1687 1030 fidem
1704 998 1910 1031 catholicam
1925 999 2072 1032 transire
2095 999 2183 1034 nite-

344 1057 448 1089 retur,
471 1062 491 1083 a
514 1052 653 1083 suismet
676 1051 913 1093 perimeretur.

430 1104 555 1137 Comes
578 1104 636 1136 tali
661 1104 884 1147 promissione
909 1103 1027 1142 laetus,
1050 1104 1144 1147 apud
1166 1103 1394 1148 Agrigentum
1418 1105 1526 1138 redit:
1549 1110 1674 1138 statuto
1698 1105 1854 1144 termino,
1870 1105 2011 1139 silenter
2027 1106 2180 1141 exercitu

344 1159 503 1195 conflato,
526 1158 620 1190 haud
643 1157 766 1200 procul
789 1168 810 1189 a
832 1157 1144 1200 Castro-Johannis,
1167 1157 1249 1191 loco
1271 1158 1363 1190 inter
1385 1168 1422 1190 se
1446 1164 1661 1200 praenotato,
1684 1158 1820 1191 insidiis
1841 1158 2044 1192 occultatur.
2089 1159 2183 1194 cha-

342 1217 422 1250 mut,
446 1211 603 1244 omnibus
626 1211 696 1243 suis
718 1210 865 1243 mulibus
888 1216 923 1242 et
945 1210 1090 1254 equibus
1112 1210 1350 1253 superpositis,
1382 1211 1480 1253 quasi
1510 1210 1719 1254 aliquorsum
1745 1221 1978 1255 processurus,
2009 1211 2103 1246 urbe'
2125 1212 2179 1246 di-

343 1264 508 1307 greditur,
532 1274 576 1296 ex
598 1263 766 1297 industria
789 1273 893 1306 super
915 1263 1057 1296 insidias
1079 1270 1270 1296 nostrorum
1295 1264 1431 1303 incidit,
1454 1275 1475 1296 a
1498 1265 1622 1297 nostris
1646 1264 1827 1308 excipitur.

428 1317 628 1359 Comperto,
643 1315 988 1360 Castrum-johannis
999 1327 1020 1348 a
1034 1316 1162 1349 nostris
1178 1323 1405 1360 oppugnatur.
1433 1317 1543 1350 Porro
1560 1317 1664 1357 cives,
1679 1317 1741 1350 tali
1756 1317 1854 1350 facto
1870 1317 1999 1351 viribus
2014 1319 2182 1358 exhausti,

342 1376 526 1404 terrentur:
551 1380 615 1412 pro
631 1379 670 1403 re
686 1375 789 1413 atque
801 1375 956 1412 tempore
970 1369 1152 1402 consilium
1170 1374 1320 1412 captant.
1367 1370 1525 1403 Foedere
1548 1370 1750 1412 composito,
1767 1371 1886 1403 comiti
1901 1371 2182 1412 reconciliantur,

342 1430 490 1456 castrum
515 1423 684 1456 deditioni
706 1423 879 1467 adjicitur.
926 1423 1078 1462 Comes,'
1101 1429 1249 1456 castrum
1272 1423 1428 1465 adeptus,
1451 1423 1562 1456 laetus
1575 1423 1739 1461 efficitur;
1757 1430 1895 1456 nostrae
1911 1425 2007 1468 genti
2023 1424 2068 1458 ad
2081 1431 2182 1458 tuen-

341 1477 422 1508 dum
445 1477 605 1510 fortiores
627 1482 738 1508 turres
761 1476 1018 1519 consignantur.

428 1530 586 1566 Chamut,
611 1539 688 1562 cum
711 1531 838 1562 uxore'
856 1535 890 1561 et
907 1528 1033 1572 liberis,
1052 1529 1255 1562 christianus
1271 1530 1427 1568 efficitur,
1443 1531 1511 1563 hoc
1528 1529 1601 1563 solo
1618 1530 1841 1563 conventioni
1857 1530 2068 1573 interposito,
2085 1532 2180 1574 quod

342 1594 430 1616 uxor
453 1594 524 1623 sua,
548 1593 636 1627 quae
659 1582 726 1615 sibi
750 1583 899 1626 quadam
924 1583 1231 1627 consanguinitatis
1254 1583 1347 1616 linea
1370 1583 1656 1628 conjungebatur,
1678 1584 1716 1616 in
1737 1589 1913 1626 posterum
1939 1584 2004 1617 sibi
2027 1595 2097 1618 non
2126 1585 2180 1618 in-

341 1637 539 1670 terdicetur.
585 1636 734 1670 Chamut
756 1642 880 1675 autem,
902 1636 992 1669 inter
1014 1646 1093 1669 suos
1116 1637 1261 1669 ulterius
1285 1637 1488 1670 commorari
1512 1637 1567 1669 vel
1591 1637 1758 1670 differens
1782 1637 1838 1670 vel
1861 1637 2029 1678 diffidens,
2052 1649 2097 1672 ne
2119 1649 2178 1672 co-

342 1691 425 1732 miti,
457 1691 553 1734 quasi
585 1690 733 1733 aliquam
757 1689 931 1722 fallaciam
946 1690 1104 1728 miscens,
1120 1696 1298 1733 suspectus
1314 1691 1423 1729 fieret,
1439 1691 1495 1723 vel
1507 1691 1618 1723 minus
1634 1691 1844 1729 crederetur,
1861 1691 1954 1734 apud
1969 1691 2178 1732 Calabriam,

340 1744 375 1776 in
405 1743 586 1788 provincia
608 1743 776 1776 Melitana
799 1754 820 1775 a
843 1743 967 1776 comite
990 1748 1117 1776 terram
1148 1743 1217 1776 suis
1246 1743 1362 1776 usibus
1391 1743 1615 1777 sufficientem
1641 1743 1784 1786 expetit.
1831 1744 1937 1783 Quod
1968 1754 2086 1778 comes
2114 1745 2178 1779 sibi

342 1797 487 1831 libenter
510 1807 674 1836 annuens,
697 1796 781 1830 illuc
804 1797 956 1829 secessit.
1001 1795 1131 1841 Sicque
1153 1802 1284 1839 postea,
1308 1797 1412 1841 longo
1435 1803 1592 1840 tempore
1606 1797 1739 1835 vivens,
1755 1796 1800 1830 ab
1815 1798 1908 1829 omni
1923 1798 2047 1831 fraude
2061 1808 2180 1832 versus

342 1859 491 1884 nostram
516 1856 656 1894 gentem
678 1859 754 1883 sese
776 1849 1117 1892 irreprehensibilem
1140 1850 1307 1893 deinceps
1330 1850 1494 1883 exhibuit.

428 1931 506 1964 V11.
531 1949 570 1954 —
595 1931 731 1970 Comes,
754 1930 878 1963 videns
900 1930 945 1963 ob
967 1930 1249 1973 propitiationem
1272 1931 1337 1964 Dei
1359 1936 1468 1964 totam
1491 1931 1655 1964 Siciliam.
1688 1937 1835 1975 excepta
1864 1931 1989 1964 Butera
2017 1938 2051 1964 et
2072 1931 2176 1971 Noto,

340 1996 421 2018 suae
444 1984 568 2018 ditioni
591 1984 769 2018 subeundo
793 1984 944 2023 cessisse,
966 1994 1011 2016 ne
1034 1983 1187 2028 ingratus
1209 1985 1295 2017 tanti
1318 1984 1479 2018 beneficii
1501 1985 1567 2018 sibi
1591 1996 1612 2017 a
1633 1985 1708 2018 Deo
1732 1984 1851 2018 collati
1874 1985 2045 2024 existeret,
2061 1986 2178 2029 coepit

340 2039 416 2072 Deo
439 2039 585 2072 devotus
608 2037 774 2071 existere:
795 2037 886 2081 justa
910 2037 1042 2082 judicia
1072 2048 1199 2077 amare,
1229 2038 1391 2082 justitiam
1426 2038 1562 2082 exequi,
1593 2038 1775 2071 veritatem
1805 2038 1980 2081 amplecti,
2011 2039 2176 2073 ecclesias

339 2093 563 2136 frequentare
587 2101 664 2124 cum
687 2090 883 2130 devotione,
905 2091 1012 2124 sacris
1034 2091 1169 2135 hymnis
1199 2092 1349 2131 adstare,
1380 2091 1626 2125 decimationes
1656 2091 1807 2124 omnium
1837 2092 2009 2125 redditum
2037 2101 2177 2126 suorum

340 2145 446 2178 sacris
468 2144 626 2178 ecclesiis
650 2143 846 2183 attribuere,
869 2144 1049 2176 viduarum
1074 2150 1109 2176 et
1131 2143 1374 2187 orphanorum,
1397 2145 1460 2177 sed
1483 2150 1518 2177 et
1539 2145 1767 2177 moerentium
1791 2155 1868 2178 cum
1891 2145 2027 2178 ratione
2051 2154 2174 2179 conso-

429 2252 452 2270 2.
471 2244 634 2275 platanum]
654 2243 791 2268 Platonio
810 2245 850 2269 P:
869 2244 1020 2268 Plaranum
1039 2244 1102 2268 BD
1121 2258 1128 2261 -
1150 2244 1252 2269 Missor
1270 2244 1299 2268 P
1315 2257 1326 2262 -
1339 2244 1540 2276 Guastaliella]
1563 2244 1689 2278 Gastajel
1707 2244 1741 2273 P;
1756 2244 1884 2269 Guastiel
1900 2245 1923 2269 C
1934 2257 1942 2262 -
1956 2243 2068 2277 Suteta]
2080 2244 2175 2270 satuti

340 2288 381 2317 P;
401 2287 487 2312 Satlri
511 2286 534 2310 C
550 2299 561 2305 -
579 2284 751 2319 Raselblfar]
774 2286 869 2315 Racel,
894 2287 992 2311 Bisara
1009 2286 1048 2316 P}
1066 2286 1208 2311 Gemellos
1227 2286 1310 2311 Rasel
1331 2285 1415 2311 Gifar
1437 2287 1460 2311 C
1475 2299 1485 2305 -
1505 2286 1648 2318 Mocluse;
1666 2286 1788 2311 MIchise
1810 2286 1834 2310 C
1854 2299 1864 2304 -
1882 2285 1972 2319 Naru}
1993 2286 2069 2312 Garo
2087 2288 2149 2313 PC
2164 2299 2174 2305 ·

341 2328 521 2355 Calatanlssa
539 2329 568 2354 P
579 2328 602 2353 C
617 2342 651 2346 —
672 2335 725 2360 2-3.
745 2328 821 2360 quod
832 2345 840 2353 .
850 2345 857 2353 .
868 2347 873 2352 .
886 2348 890 2352 .
912 2329 1101 2354 foeminarum
1121 2336 1171 2354 om.
1189 2329 1253 2354 BD
1272 2341 1301 2346 -
1324 2336 1348 2360 3.
1368 2330 1461 2353 castra
1474 2329 1521 2354 P·
1532 2328 1635 2354 Lerata
1646 2329 1685 2359 P}
1698 2328 1801 2354 Lecata
1816 2329 1857 2353 C·
1870 2328 2050 2362 Remunhae]
2062 2327 2175 2355 Remise

338 2373 379 2403 1²3
398 2371 566 2396 Remunisce
584 2371 649 2395 BD
667 2384 700 2389 —
719 2378 743 2403 4.
764 2370 872 2403 cedere]
892 2378 1037 2396 occurrere
1055 2371 1119 2396 BD
1137 2385 1169 2390 —
1190 2379 1213 2404 5.
1228 2371 1422 2396 foederatione
1440 2371 1505 2396 BD
1524 2386 1555 2390 -
1574 2370 1599 2395 6.
1618 2378 1680 2395 cum
1700 2373 1811 2395 centum
1831 2371 1973 2396 militibus
1991 2379 2040 2397 on.
2058 2371 2122 2396 BD
2140 2385 2172 2390 —

341 2421 366 2447 7.
385 2414 442 2439 sibl
459 2421 507 2438 am.
528 2414 556 2439 P
572 2426 581 2431 -
601 2412 763 2444 verborum]
784 2420 944 2438 sermonum
963 2414 989 2438 B
1007 2427 1039 2432 —
1055 2413 1107 2446 7-8.
1122 2414 1372 2439 circumitionibus
1386 2415 1557 2446 attemptans
1569 2414 1640 2439 Ρ-
1663 2416 1702 2437 1'1.
1717 2413 1796 2446 suos]
1815 2415 1873 2438 suls
1887 2414 1915 2438 P
1931 2427 1940 2432 -
1958 2421 2010 2438 suo
2027 2421 2076 2438 ont.
2095 2414 2124 2439 P
2141 2427 2172 2432 -

341 2463 381 2488 15.
401 2464 416 2481 a
435 2456 488 2481 tali
507 2456 552 2480 P·
565 2455 640 2480 redit
651 2463 699 2480 om.
713 2455 774 2479 BD
793 2470 825 2474 -
840 2462 880 2488 19.
893 2456 1005 2480 excussi
1024 2457 1089 2482 BD
1107 2470 1139 2474 --
1160 2463 1202 2481 22.
1221 2458 1403 2489 assignantur
1421 2456 1449 2481 P
1465 2470 1497 2474 —
1518 2462 1559 2488 ²3-
1578 2455 1646 2480 filiis
1665 2456 1728 2480 BD
1745 2470 1777 2474 —
1798 2461 1839 2487 25.
1859 2457 1951 2480 autem
1969 2463 2018 2480 m.
2036 2457 2065 2482 P
2080 2469 2089 2474 -
2108 2463 2173 2482 suos

341 2498 510 2523 commorari
530 2497 660 2522 differens
685 2497 803 2522 ulterius
828 2504 863 2521 ne
886 2497 950 2522 BD
974 2511 1005 2515 -
1025 2505 1066 2531 3⁰-
1087 2499 1297 2531 propiciatione
1320 2499 1374 2522 Dei
1401 2505 1511 2522 omnem
1531 2499 1558 2522 P
1575 2511 1583 2515 -
1603 2497 1699 2522 Notho
1725 2498 1751 2521 B
1776 2511 1807 2516 —
1827 2505 1868 2530 31.
1896 2496 2035 2531 ingratus]
2058 2499 2173 2531 ignat-m

340 2540 404 2565 BD
422 2554 454 2558 —
476 2546 518 2572 3²-
536 2540 683 2564 ecclesiam
702 2539 730 2565 P
746 2553 778 2557 —
798 2546 840 2571 34.
861 2540 1027 2572 attribuere]
1048 2542 1162 2566 reddere
1179 2541 1243 2566 BD
1261 2555 1270 2559 -
1289 2549 1351 2566 cum
1371 2541 1481 2566 ratione
1498 2548 1547 2565 om.
1568 2541 1632 2565 BD

429 2615 437 2632 ¹
458 2616 581 2641 Platani.
902 2625 911 2635 ·
1370 2616 1382 2633 ⁷
1400 2618 1476 2642 Naro
1497 2615 1563 2648 (τυ-,ε
1583 2616 1681 2648 Nam),
1703 2618 1732 2641 in
1752 2624 1834 2649 prov.
1852 2617 1882 2641 di
1902 2616 2043 2649 Girgenti.

427 2656 438 2673 ²
457 2657 650 2690 Sant'Angelo
668 2657 797 2685 Muxaro,
818 2659 846 2682 in
868 2665 947 2690 prov.
967 2658 998 2682 di
1018 2658 1159 2692 Girgenti.
1372 2657 1384 2675 ⁸
1404 2658 1595 2684 Caltanisetta
1614 2658 1679 2691 (αι-,ε
1700 2658 1959 2689 Kalos-Anam).

427 2698 438 2714 ³
457 2698 650 2725 Guastanella.
1372 2699 1383 2717 ⁹
1402 2701 1511 2731 Licata,
1530 2701 1560 2725 in
1580 2708 1662 2733 prov,
1681 2701 1711 2726 di
1731 2700 1873 2733 Girgentl.

426 2739 436 2756 ⁴
455 2739 563 2773 Sutera,
584 2743 614 2766 in
634 2749 712 2773 prov.
733 2742 762 2766 di
783 2740 983 2767 Cultanisetta.
1372 2742 1393 2759 ¹0
1411 2743 1640 2768 Probabilmente
1658 2742 1821 2774 Ravnnusa,
1841 2744 1871 2767 in
1890 2751 1969 2776 prov.
1990 2743 2018 2768 di
2033 2742 2174 2776 GIrgenti.

426 2782 437 2799 ⁵
455 2781 520 2807 An:
539 2783 653 2807 Rah1=
664 2783 798 2813 stazione,
818 2784 918 2816 quindi
939 2784 1069 2809 stazione
1082 2785 1110 2809 di
1125 2785 1227 2810 Bifara.
1371 2785 1478 2811 Alcunl
1496 2787 1525 2810 di
1545 2786 1636 2817 questi
1657 2785 1767 2810 castelli
1787 2792 1873 2810 erano
1894 2783 1943 2818 gia
1967 2786 2120 2818 scomparsi
2145 2785 2174 2810 al

340 2822 378 2846 Le
396 2823 500 2847 lezioni
521 2825 642 2849 inesatte
661 2824 736 2849 delle
751 2825 863 2850 vecchIe
876 2825 1010 2857 ristampe
1030 2824 1228 2851 malaterriane
1283 2829 1378 2860 tempo
1397 2828 1426 2852 di
1447 2828 1490 2853 fra
1502 2827 1620 2853 Simone
1633 2828 1667 2852 da
1681 2827 1808 2857 Lentini,
1821 2827 1844 2853 11
1858 2829 1929 2852 noto
1942 2835 1957 2852 e
1967 2826 2015 2860 gi'a
2028 2827 2174 2852 ricordato

338 2865 500 2890 lasciarono
519 2867 663 2899 perplesso
683 2866 819 2898 l’AMMu,
836 2870 877 2900 op.
894 2868 953 2896 cit..
966 2866 1014 2897 111,
1031 2872 1087 2899 175,
1103 2876 1130 2892 n.
1146 2875 1167 2897 1,
1182 2869 1226 2893 nel
1282 2871 1383 2895 autore
1402 2870 1477 2895 della
1499 2869 1643 2901 Conquesta
1661 2870 1692 2895 dd
1708 2870 1811 2899 Sicilia,
1831 2870 1878 2894 nel
1898 2869 1963 2894 XIV
1989 2869 2092 2895 secolo.
2128 2868 2174 2894 Cr.

337 2906 523 2932 determinare
542 2910 638 2940 questa
653 2907 778 2938 localiter,
793 2909 890 2942 ch'egli
904 2909 1030 2936 credet-te
1043 2910 1152 2936 fossero
1166 2910 1227 2939 due,
1282 2912 1431 2942 D’Amco‚
1448 2913 1604 2937 Dtulonarlo
1622 2912 1779 2946 topografico
1797 2913 1846 2937 cit.
1865 2921 1878 2936 e
1898 2912 1925 2937 la
1949 2911 2026 2937 Cat-te
2043 2913 2176 2944 comperte

337 2955 392 2973 una
411 2949 483 2974 delle
501 2951 581 2982 quali
602 2952 859 2978 indeterminabile.
1283 2955 1330 2981 cit.
1349 2955 1378 2978 di
1398 2955 1503 2978 AMARJ
1522 2961 1537 2979 e
1557 2954 1691 2979 DUFOUR.

425 2990 435 3006 ἦ
455 2991 602 3022 Micolusa‚
622 2994 689 3026 oggi
709 3001 878 3028 scomparsa.

2209 841 2247 873 10

2207 1107 2244 1140 15

2204 1373 2302 1405 20²

2200 1639 2241 1672 25

2200 1935 2242 1966 30

2202 2664 2237 2683 20

2201 2877 2233 2902 25
