2314 3418
91 229 143 265 [Α.
162 229 256 265 ιοεπι
456 223 527 259 DE
553 222 722 259 REBUS
750 220 928 259 GESTIS
956 221 1175 258 ROGERII
1204 220 1413 257 coM1Tls
1441 220 1556 256 ETc.
1878 218 1923 257 75

46 339 48 341 ’
90 357 206 380 secum
229 347 321 380 infra
342 357 459 380 muros
481 352 516 379 et
538 347 573 379 in
595 346 709 380 altiori
731 346 816 379 turri
839 351 962 385 essent,
977 346 1150 378 incassum
1165 354 1358 388 repugnare
1373 343 1535 376 nituntur.
1581 342 1718 375 Triduo
1734 347 1848 375 tamen
1862 351 1926 384 pro

92 409 205 443 posse,
227 399 291 432 sed
313 399 442 432 frustra
463 399 662 438 renitentes,
686 399 827 432 tandem
850 398 884 431 vi
908 398 1031 437 coacti,
1055 398 1200 431 foedere
1224 397 1428 440 composito,
1452 395 1664 429 deditionem
1687 394 1771 438 ipsis
1793 394 1926 427 facien-

90 453 192 492 tibus,
214 452 337 485 ditioni
361 452 459 485 ducis
482 452 573 485 colla
595 452 799 485 submittunt
813 451 833 484 ¹.

34 575 35 578 Ἴ
175 535 309 571 XXIX.
334 555 371 562 —
397 537 506 580 Igitur
529 538 612 576 dux,
634 536 719 570 urbe
742 537 878 580 potitus,
901 547 966 579 pro
989 536 1080 569 velle
1103 546 1165 569 suo
1188 535 1363 574 ordinans,
1382 535 1608 568 Fortimundo
1631 534 1675 566 de
1689 534 1833 566 Rosana
1847 543 1928 575 pro-

46 584 62 587 ,‚
89 590 275 624 curandam
299 589 490 633 delegavit3
513 590 596 633 ipse,
622 599 700 622 cum
715 589 870 621 exercitu
891 589 981 621 ultra
1003 587 1243 632 progrediens,
1266 593 1372 620 totam
1395 586 1610 630 provinciam
1636 585 1845 619 debellando
1861 583 1928 617 sibi

42 664 46 690 3
88 642 305 687 subjugatum
328 642 433 675 vadit.
479 642 583 675 Unde
605 647 640 674 et
662 641 755 684 apud
776 641 908 679 urbem,
931 651 1020 685 quae
1037 640 1195 673 Castoria
1211 641 1336 673 dicitur
1349 640 1372 680 ²,
1394 641 1548 679 veniens,
1571 639 1652 682 quia
1675 639 1838 671 ditionem
1855 638 1928 671 eius

47 707 49 710 ·
87 695 204 729 subire
225 695 417 732 recusabat,
441 694 618 728 obsidione
643 693 843 737 composita,
867 704 942 726 eam
964 694 1118 737 undique
1141 693 1292 731 vallavit,
1315 693 1486 736 minisque
1508 692 1672 725 terrendo
1695 698 1730 724 et
1751 691 1926 724 interdum

42 743 46 766 J
88 747 334 782 blandimentis
356 748 552 786 mulcendo,
575 747 750 790 aliquanto
773 753 930 789 tempore
953 747 1101 779 infestus
1116 746 1312 789 persistens,
1329 746 1510 788 plurimum
1529 745 1713 777 lacessivit.
1760 744 1927 777 Trecenti

52 801 54 809 ¹
85 801 179 835 enim
200 800 362 845 Waringi
384 801 421 833 in
443 801 566 834 eadem
588 800 674 833 urbe
697 799 909 837 habitabant,
931 799 1093 833 custodes
1115 799 1159 832 ab
1182 799 1391 841 imperatore
1407 799 1574 840 deputan',
1589 808 1731 842 quorum
1757 796 1928 840 praesidio

41 848 52 883 s
86 860 123 888 et
144 864 249 897 opere
272 864 343 886 non
365 854 542 886 minimum
567 853 823 886 defensabatur.
869 852 918 886 At
940 862 1017 885 cum
1048 857 1184 885 nostros
1214 852 1250 883 in
1281 851 1515 894 oppugnando
1544 851 1766 894 persistentes
1796 851 1927 888 vident,

41 899 45 930 s
85 907 374 946 machinamenta,
396 906 520 951 quibus
540 906 623 939 urbs
644 906 784 938 facilius
805 905 974 939 debellari
995 910 1144 947 poterat,
1167 915 1334 947 apparare
1355 905 1525 943 timentes,
1542 909 1586 942 et,
1604 910 1705 946 capta
1719 904 1815 943 urbe,
1832 903 1930 947 pejus

84 959 210 994 foedus
223 960 312 993 inire
327 959 392 992 sibi
407 960 444 991 in
460 960 612 992 futurum
628 964 887 1002 praecaventes,
903 959 1047 991 foedere
1064 957 1240 995 confecto,
1265 957 1478 989 deditionem
1501 957 1645 989 faciunt.
1692 956 1820 999 Sicque
1842 957 1928 988 urbe

38 1014 54 1031 ²
84 1012 277 1056 subjugata,
299 1022 418 1045 omnes
441 1013 708 1055 circumquaque
724 1011 924 1054 provinciae
940 1021 1019 1043 cum
1034 1010 1187 1042 finitimis
1202 1010 1324 1043 castris
1340 1009 1414 1042 eius
1430 1009 1554 1042 ditioni
1570 1009 1804 1052 subjugantur.
1851 1010 1927 1051 Ipse

36 1101 38 1105 ,
85 1065 215 1108 quippe
237 1075 368 1104 omnes,
393 1065 452 1108 qui
475 1065 521 1098 ad
542 1075 579 1097 se
601 1063 901 1103 convertebantur,
929 1065 1019 1096 'cum
1049 1073 1182 1095 summa
1210 1063 1474 1095 honorificentia
1503 1061 1706 1105 recipiebat,
1734 1062 1929 1095 muneribus

44 1135 54 1144 .
85 1118 244 1162 augebat,
268 1128 387 1152 eorum
410 1118 554 1150 consilio
575 1118 612 1150 in
635 1118 688 1157 iis,
711 1127 800 1161 quae
821 1117 986 1150 facienda
1008 1121 1117 1154 erant,
1142 1116 1339 1158 'plurimum
1363 1116 1541 1148 utebatur:
1574 1122 1609 1147 et
1630 1116 1698 1148 hoc
1722 1115 1861 1158 quidem
1885 1125 1928 1148 ex

42 1194 44 1196 v
85 1171 265 1211 industria,
287 1177 326 1204 ut
348 1171 415 1210 alii,
439 1181 517 1204 cum
539 1170 604 1203 ista
635 1170 802 1208 audirent,
832 1169 970 1202 facilius
999 1168 1063 1201 sibi
1086 1169 1356 1211 applicarentur,
1388 1168 1523 1212 agebat.
1569 1169 1692 1201 Timor
1714 1175 1828 1201 autem
1853 1169 1927 1201 eius

44 1243 47 1246 Δ
83 1230 195 1258 totum
215 1224 410 1267 imperium,
432 1234 541 1266 usque
563 1224 609 1256 ad
630 1224 740 1265 ipsam
762 1223 891 1266 regiam
913 1222 1045 1260 urbem,
1067 1227 1215 1254 tremere
1238 1222 1400 1255 faciebat.

45 1342 48 1347 .
172 1313 287 1346 XXX.
314 1331 356 1336 -
379 1313 467 1346 Cum
490 1313 556 1345 ista
579 1312 671 1355 apud
692 1311 898 1345 Romaniam
921 1322 942 1343 a
963 1311 1054 1344 duce
1078 1317 1273 1354 agerentur,
1303 1310 1475 1344 Siciliensi
1499 1312 1624 1344 comite
1647 1311 1804 1356 Rogerio
1834 1312 1928 1355 apud

40 1374 50 1381 '
84 1365 282 1400 Calabriam
306 1371 342 1398 et
364 1364 527 1408 Apuliam
549 1364 713 1398 fraternis
734 1364 884 1408 negotiis
908 1382 949 1387 —
971 1364 1021 1396 uti
1045 1364 1114 1396 suis
1133 1383 1168 1388 —
1188 1364 1334 1402 intento,
1351 1363 1538 1404 Benarvet,
1554 1364 1646 1406 apud
1662 1365 1817 1397 Siciliam
1835 1365 1927 1397 chri-

84 1418 197 1452 stiano
220 1418 352 1451 nomini
375 1418 530 1457 infestus,
553 1418 661 1450 multa
682 1417 902 1450 incommoda
924 1417 1103 1450 inferebat.
1149 1417 1233 1450 Erat
1256 1417 1347 1449 enim
1371 1417 1610 1449 callidissimus
1627 1424 1661 1450 et
1676 1418 1814 1450 militari
1831 1427 1929 1450 exer-

85 1471 167 1505 citio
191 1471 339 1510 deditus,
362 1471 487 1510 audaX,
510 1470 686 1509 subdolus,
707 1470 801 1503 aliud
824 1467 941 1514 ling'ua
956 1471 1150 1513 proferens,
1165 1471 1260 1504 aliud
1276 1472 1381 1504 tacito
1397 1477 1539 1514 pectore
1556 1471 1766 1504 occultando
1782 1482 1925 1515 gerens:

37 1533 43 1570 ᾖ
86 1524 250 1569 Syracusi
281 1530 316 1557 et
346 1524 430 1557 Noti
465 1525 638 1567 princeps,
668 1523 764 1556 cuius
794 1523 940 1557 consilio
971 1534 1089 1556 omnes
1120 1523 1295 1564 Saraceni,
1327 1525 1385 1568 qui
1417 1525 1533 1557 adhuc
1563 1525 1599 1557 in
1631 1524 1750 1557 Sicilia
1781 1524 1929 1557 rebelles

30 1573 32 1575 ’
84 1583 192 1619 erant,
214 1577 460 1610 innitebantur.
506 1576 573 1610 Hic
597 1577 769 1620 quendam
793 1586 976 1620 paganum,
999 1577 1137 1610 nomine
1160 1576 1388 1617 Benthumen,
1412 1588 1514 1620 quem
1546 1588 1663 1610 comes
1685 1577 1778 1619 apud
1800 1577 1927 1610 Catha-

35 1626 40 1654 ’τ
84 1630 177 1664 niam
200 1630 365 1673 majorem
388 1629 464 1662 urbi
486 1629 716 1672 praefecerat,
740 1629 876 1662 callidis
898 1629 1248 1662 circumventionibus
1271 1631 1488 1674 aggrediens,
1512 1631 1558 1663 ad
1580 1630 1785 1663 tradendam
1808 1630 1929 1662 urbem

84 1683 198 1716 multis
221 1694 410 1722 munerum,
434 1682 730 1725 possessionumve
753 1682 972 1724 pactionibus
994 1682 1215 1716 sollicitabat.
1261 1683 1423 1726 Paganus
1446 1693 1528 1716 vero
1552 1683 1702 1715 nominis
1718 1683 1769 1715 sui
1788 1693 1928 1725 compe-

83 1742 161 1771 tens
174 1736 334 1774 imitator,
357 1735 501 1769 avaritia
523 1741 696 1773 coecatus,
719 1735 800 1769 fidei
823 1742 1195 1780 sacramentorumque,
1218 1747 1306 1779 quae
1331 1737 1448 1769 comiti
1473 1737 1627 1774 dederat,
1651 1736 1788 1775 oblitus,
1803 1741 1927 1769 statuto

47 1803 55 1834 5*
84 1789 242 1828 termino,
265 1789 360 1822 infra
380 1788 501 1821 urbem
525 1788 621 1821 illum
645 1798 723 1821 cum
745 1788 963 1822 multitudine
985 1799 1122 1822 suorum
1146 1789 1385 1822 fraudulenter
1408 1790 1451 1822 de
1475 1795 1577 1822 nocte
1605 1790 1792 1831 accipiens,
1822 1790 1928 1822 tradi-

24 1854 54 1890 ᾗς
84 1842 189 1876 tionis
210 1851 336 1875 nomen
359 1841 424 1874 sibi
447 1847 618 1884 perpetuo
637 1841 841 1874 vindicavit.
888 1841 995 1881 Quod
1018 1842 1151 1875 factum
1174 1853 1251 1875 cum
1275 1854 1339 1886 per
1369 1849 1478 1876 totam
1509 1842 1653 1876 insulam
1683 1843 1927 1885 personuisset,

84 1895 270 1930 Christiani
293 1895 444 1940 quidem,
467 1905 510 1928 eo
534 1895 628 1938 quod
651 1900 720 1927 tam
737 1895 891 1929 nefanda
906 1895 1002 1928 fraus
1017 1895 1106 1928 inter
1121 1896 1216 1939 ipsos
1231 1902 1369 1939 reperta
1385 1896 1439 1935 sit,
1455 1896 1639 1939 plurimum
1657 1895 1926 1934 erubescebant3

85 1948 251 1984 Saraceni
280 1954 395 1981 autem
417 1947 542 1991 passim
572 1946 616 1980 de
647 1953 743 1981 tanta
765 1948 944 1981 christiani
966 1949 1115 1982 nominis
1137 1949 1330 1993 ignominia
1359 1949 1604 1982 subsannando
1636 1949 1926 1982 exhilarabantur.

50 2029 51 2034 ,
84 2001 195 2036 Porro
210 2001 394 2046 Jordanus,
417 2000 506 2033 filius
530 2001 674 2040 comitis,
698 2007 732 2034 et
754 2000 928 2034 Robertus
944 2003 988 2035 de
1004 2001 1226 2035 Surda-valle
1240 2008 1276 2036 et
1292 2003 1386 2035 Elias
1402 2002 1656 2036 Cartomensis³⁵
1674 2020 1716 2025 -—-
1732 2003 1789 2046 qui
1807 2013 1850 2035 ex
1865 2002 1928 2035 Sa-

38 2070 49 2100 ]
83 2055 218 2090 racenis
240 2055 287 2088 ad
309 2053 414 2087 fidem
439 2053 570 2088 Christi
601 2064 800 2094 conversus,
830 2061 950 2097 postea
981 2055 1075 2098 apud
1103 2054 1444 2100 Castrum-johannis
1475 2067 1495 2088 a
1525 2067 1586 2089 sua
1617 2061 1722 2099 gente
1754 2056 1925 2089 hostiliter

83 2109 298 2148 interfectus,
322 2107 402 2152 quia
426 2108 587 2152 negando
610 2113 768 2150 apostata
784 2108 857 2141 fieri
878 2108 1000 2148 noluit,
1022 2110 1185 2153 martyrio
1209 2109 1313 2142 vitam
1336 2109 1557 2142 laudabiliter
1582 2109 1692 2141 finivit
1716 2127 1757 2132 -
1776 2109 1928 2142 exercitu

28 2176 43 2208 s
85 2167 269 2200 commoto,
283 2171 404 2194 versus
419 2161 623 2194 Cathaniam
639 2162 704 2194 iter
720 2161 912 2195 intendunt.
957 2162 1131 2196 Benarvet
1146 2173 1241 2202 vero,
1258 2173 1318 2196 eos
1333 2163 1497 2196 advenire
1513 2174 1575 2206 per
1590 2163 1824 2206 speculatores
1839 2173 1929 2201 suos,

84 2225 170 2260 quos
191 2215 344 2259 undique
367 2214 483 2247 omnia
497 2214 606 2247 visum
623 2214 877 2257 praemittebat,
894 2215 1048 2255 audiens,
1072 2221 1169 2248 extra
1185 2216 1316 2255 urbem,
1332 2217 1442 2259 copiis
1461 2227 1597 2249 suorum
1621 2217 1666 2249 ad
1689 2215 1927 2258 praeliandum

52 2334 59 2347 κ,
175 2326 197 2344 ι.
217 2325 310 2344 secum
329 2319 359 2343 in
377 2318 476 2344 alttorl
496 2319 587 2344 terrae
605 2320 694 2348 erant,
714 2320 855 2344 Incassum
875 2326 1001 2352 pugnare
1018 2319 1070 2344 cosi
1083 2320 1147 2344 BD
1166 2334 1198 2338 —
1220 2326 1244 2345 2.
1263 2321 1310 2345 sed
1330 2320 1435 2345 frustra
1448 2328 1496 2345 om.
1510 2320 1537 2343 B
1548 2334 1580 2338 -
1596 2326 1646 2352 ²·3·
1660 2320 1729 2352 ipsis
1744 2318 1926 2353 facientibus]

43 2368 65 2387 ,ρ
86 2361 214 2386 recerunt
232 2361 323 2394 ipsum
343 2360 515 2386 facientibus
536 2361 601 2385 BD
620 2374 652 2378 ——
672 2368 696 2392 4.
715 2361 783 2386 urbe
801 2359 922 2395 potitus]
942 2362 1039 2386 urbem
1058 2362 1195 2387 ordinans
1214 2363 1279 2387 BD
1298 2375 1307 2380 —
1327 2360 1528 2395 Fortimundo]
1548 2362 1668 2386 Fortino
1682 2363 1731 2386 P·
1743 2361 1850 2386 Rosina
1862 2362 1927 2387 BD

83 2416 118 2422 —
146 2409 170 2437 7.
189 2404 331 2428 recusavit
349 2403 377 2428 P
393 2416 425 2421 —
449 2409 488 2428 11.
510 2402 695 2428 facinus....
715 2401 857 2436 appar-ire]
876 2403 993 2429 facilius
1013 2403 1112 2429 debeat
1131 2404 1268 2429 debellari
1287 2406 1315 2429 et
1334 2405 1433 2429 debeat
1452 2412 1585 2437 apparere
1604 2405 1665 2429 PC
1682 2417 1714 2421 —
1737 2410 1776 2435 13.
1795 2403 1927 2428 finitimis

38 2450 60 2473 ‘.
85 2443 199 2479 castris]
218 2445 367 2470 {ortiliciln
385 2445 450 2470 BD
468 2458 501 2463 ·—
524 2452 563 2475 14.
585 2443 750 2478 reciplebat]
768 2445 888 2470 habebat
906 2446 934 2470 P
951 2459 984 2464 —
1006 2450 1046 2477 ις.
1066 2446 1179 2478 quidem
1197 2454 1246 2471 om.
1260 2446 1327 2470 1³—
1352 2446 1391 2471 18.
1411 2447 1503 2471 Dum.
1516 2465 1521 2471 .
1534 2463 1558 2471 ..
1577 2447 1672 2479 agitur
1691 2447 1721 2471 D
1738 2459 1770 2464 -—-
1791 2453 1831 2470 20.
1851 2447 1927 2470 enim

38 2505 40 2507 >
83 2494 134 2513 out.
153 2486 215 2512 PG
230 2499 264 2505 —
283 2492 324 2512 22.
343 2486 520 2520 Syracusano
537 2488 566 2511 et
584 2487 673 2512 Nothi
693 2487 759 2512 BD
777 2500 810 2505 ——
830 2494 872 2520 23.
892 2485 1081 2521 Benthumen]
1099 2489 1265 2513 Bencimine
1283 2489 1324 2520 1²3
1343 2489 1527 2513 Betchumine
1549 2490 1572 2513 C
1589 2501 1621 2506 -
1649 2494 1690 2521 27.
1716 2495 1777 2512 cum
1804 2489 1927 2513 maxima

28 2532 55 2553 ἰζ
84 2529 113 2554 Ρ
128 2542 162 2548 -—
188 2528 230 2555 ²8.
254 2529 456 2564 perpetualiter
473 2529 532 2554 PC
548 2542 581 2548 -
600 2536 644 2562 31.
663 2527 869 2564 Cartomensis]
889 2529 1086 2555 Cotromensis
1104 2530 1146 2560 B;
1166 2529 1355 2556 crotonensis
1382 2532 1406 2557 C
1423 2545 1455 2549 —
1480 2538 1523 2564 33.
1549 2531 1722 2564 interceptus
1747 2531 1806 2555 PC
1828 2545 1861 2548 —
1884 2537 1925 2563 34.

52 2567 67 2599 ‚⁴¹
85 2571 202 2598 admoto
220 2572 248 2596 P
265 2584 298 2590 -
318 2571 382 2604 35-1.
403 2577 428 2596 2.
447 2570 522 2596 della
541 2579 605 2604 pag.
625 2578 680 2604 seg.
699 2572 866 2604 coplas....
886 2572 1024 2597 ordinans
1043 2573 1071 2598 P

31 2688 36 2703 ,Α
54 2679 56 2684 ,
171 2658 180 2676 ¹
192 2660 322 2686 Durazzo
337 2661 359 2684 si
374 2667 465 2685 arn-ese
479 2660 525 2685 nei
538 2660 626 2694 primi
639 2661 709 2685 mesi
722 2660 767 2685 del
785 2659 860 2685 1082.
898 2661 977 2685 Auo·
1030 2663 1131 2693 questo
1151 2669 1243 2693 nome,
1257 2663 1353 2687 etnico
1367 2671 1384 2687 0
1398 2663 1598 2695 patronimico,
1613 2669 1669 2686 non
1686 2662 1711 2686 si
1724 2660 1781 2694 pub
1795 2661 1926 2687 stabilire

58 2696 65 2710 ⁷'
81 2708 158 2729 m
168 2703 247 2735 Bu,
263 2703 301 2728 ud
311 2710 376 2728 ann.
392 2701 474 2727 10822
490 2702 504 2716 “
514 2704 542 2727 et
555 2702 658 2728 octabo
671 2702 719 2727 dle
732 2705 826 2728 stante
839 2702 882 2737 (21
896 2703 976 2736 febr.)
1029 2710 1083 2728 con
1103 2706 1223 2729 certezza
1243 2705 1270 2729 la
1284 2706 1470 2729 trascrizione
1484 2705 1584 2729 latina.
1623 2703 1636 2716 ‘⁴
1646 2703 1750 2728 Infatti
1766 2717 1796 2721 —
1811 2711 1927 2728 osserva

85 2743 170 2778 “lpse
185 2745 244 2770 dux
257 2746 334 2777 cepit
347 2746 376 2770 in
390 2744 551 2770 Dux-rachio
561 2761 586 2776 „.
622 2744 723 2769 Invece
738 2745 809 2771 Lm’.
822 2745 976 2774 Pam-oar..
1034 2745 1192 2775 '‘l'Ammu.
1211 2750 1253 2778 op.
1272 2748 1326 2777 ιτα,
1347 2747 1392 2778 ΙΙΙ,
1418 2746 1474 2778 156,
1495 2755 1522 2770 n.
1552 2754 1562 2770 1
1594 2759 1627 2763 ·—
1649 2747 1770 2770 Cartomi
1791 2746 1926 2778 potrebbe

31 2784 40 2798 ‘⁴
62 2779 122 2814 i'ad
137 2795 216 2813 anum
238 2787 251 2801 “
262 2790 290 2812 et
309 2794 402 2812 mense
418 2787 546 2819 Januarn
560 2786 702 2812 Robertus
714 2787 770 2812 dux
786 2789 861 2821 cepit
875 2789 975 2813 civita·
1032 2786 1046 2800 ‘⁴
1057 2788 1216 2821 significare
1235 2796 1273 2813 un
1292 2789 1418 2813 orlundo
1438 2789 1465 2812 dl
1487 2787 1616 2812 Cartomi
1638 2788 1667 2812 di
1686 2787 1817 2820 Spagna;
1831 2796 1854 2817 e,
1868 2788 1926 2820 leg-

86 2829 165 2855 ’ἴω
183 2829 408 2861 Durracthm„.
1032 2828 1150 2863 “gendo
1170 2832 1312 2859 Kardami,
1333 2831 1454 2861 Kirtimi,
1477 2837 1494 2854 ο
1519 2830 1651 2858 Kortomi,
1677 2829 1813 2854 vorrebbe
1838 2830 1925 2854 anche

32 2865 40 2871 ”
171 2869 184 2888 ⁸
201 2862 224 2896 ὲ
242 2870 378 2896 Castoris
398 2871 474 2896 nella
493 2871 671 2896 Macedonia.
1031 2870 1117 2897 “dire
1137 2873 1286 2897 venditore
1307 2873 1334 2897 dl
1349 2872 1501 2902 zafferano;
1513 2879 1528 2896 e
1541 2871 1711 2900 finalmente,
1731 2871 1887 2896 riducendo
1902 2872 1925 2896 il

170 2910 182 2928 ³
201 2912 223 2936 E
241 2912 271 2937 lo
290 2913 380 2937 stesso
398 2911 472 2942 Ella,
491 2919 507 2936 a
526 2912 572 2937 cul
591 2912 614 2937 11
634 2911 672 2937 M.
692 2912 728 2937 ha
752 2909 801 2945 gia
819 2916 975 2939 accennato
1031 2914 1137 2939 “nome
1155 2916 1262 2944 etnico,
1281 2916 1412 2943 alterato,
1432 2921 1448 2938 a
1469 2914 1587 2944 Kotami,
1601 2913 1799 2938 indicherebbe
1812 2921 1850 2938 un
1863 2914 1924 2938 ber-

59 2950 68 2958 ’
85 2954 132 2980 nel
165 2962 225 2987 cap.
252 2953 305 2980 XX
334 2954 362 2979 di
383 2955 484 2987 questo
515 2954 613 2979 lero.
650 2954 694 2980 Ηο
719 2954 858 2987 preterito
883 2955 911 2980 la
936 2956 976 2981 le·
1032 2956 1123 2982 “bero
1143 2957 1218 2981 della
1232 2956 1307 2981 tribu
1328 2957 1356 2981 dl
1379 2956 1508 2985 Kotama,
1528 2956 1554 2980 ln
1575 2955 1650 2980 tribu
1671 2956 1720 2980 che
1740 2954 1830 2980 lascis
1845 2958 1923 2981 tante

84 2996 168 3022 alone
181 2995 424 3028 “Can-tomensis„
446 2996 645 3022 dell’edlzlone
664 2996 802 3030 principe,
821 2995 922 3031 perche
946 2998 975 3023 dl
1031 2997 1044 3011 '¹
1056 2998 1085 3023 di
1099 2997 1128 3024 se
1147 3001 1239 3024 tracce
1260 3001 1289 3023 ln
1309 2999 1445 3029 Siciliam

1954 2792 1989 2811 20

1952 3004 1983 3031 ²5

2000 352 2075 375 Mun„
2091 352 2129 376 583

2004 1073 2035 1096 L),
2051 1078 2089 1092 121
2097 1078 2112 1091 ν

2005 1126 2031 1152 C,
2043 1131 2070 1150 34
2078 1132 2093 1145 v
