2314 3418
258 417 285 441 B,
300 422 347 441 15r

251 1107 282 1131 D,
298 1112 337 1127 110
346 1113 359 1126 r

262 1908 285 1930 C.
302 1913 347 1928 ην

383 2237 396 2262 5

369 2503 400 2521 10

370 2714 400 2740 15

369 2925 404 2942 20

999 225 1271 262 GAUFREDI
1302 223 1679 260 MALATERRAE
1954 228 2036 264 [ΑΛ.
2058 229 2256 262 ioss-ioesl

421 358 457 385 ut
487 363 652 395 nusquam
683 351 806 384 absens
837 355 1024 392 putaretur.
1070 348 1141 381 Sed
1168 347 1249 390 quia
1279 346 1349 385 ubi,
1380 346 1449 378 suis
1479 345 1725 387 praesentibus,
1748 345 1823 388 ipse
1853 345 1978 379 absens
2006 345 2052 378 ab
2082 343 2255 379 hostibus'

421 403 757 448 deprehendebatur,
787 402 839 434 sui
873 401 986 434 hostili
1016 400 1210 433 incursione
1235 399 1405 432 interdum
1428 397 1672 441 gravabantur,
1700 403 1859 438 castrum,
1882 409 1950 443 quo
1980 410 2017 432 se
2048 418 2087 423 —
2113 399 2142 432 si
2165 399 2255 432 forte

418 458 604 491 necessitas
626 456 841 489 incumberet
864 472 905 477 -
938 454 1073 486 facilius
1097 458 1275 486 tuerentur
1299 457 1334 484 et
1365 463 1384 484 a
1408 452 1506 485 cuius
1528 451 1704 484 vicinitate
1736 461 1893 497 quaeque
1923 454 2082 495 proxima
2105 452 2183 485 loca
2205 458 2255 484 at-

420 512 544 545 tentius
566 510 746 554 subjugata
768 508 833 541 sibi
855 508 994 540 concite
1017 507 1292 543 foederarentur,
1316 506 1410 548 apud
1426 505 1648 548 Petrelejum,
1664 515 1756 538 anno
1780 506 1983 540 Dominicae
2007 506 2256 540 incarnationis

418 564 583 600 MLXVI.
608 562 758 595 turribus
781 567 814 594 et
838 559 1105 604 propugnaculis
1128 565 1224 591 extra
1250 564 1384 600 portam
1408 558 1664 590 accuratissime
1688 558 1845 598 firmavit,
1867 569 1931 601 per
1952 560 2049 603 quod
2070 559 2254 592 maximam

419 623 551 660 partem
575 616 719 649 Siciliae
743 615 788 647 ad
811 625 892 647 suae
916 612 1159 646 dominationis
1181 613 1299 656 jugum
1323 612 1505 644 ferendum
1530 611 1738 653 perdomuit.
1784 611 1881 645 Filiis
1902 613 2055 656 denique
2077 612 2255 646 Tancredi

420 670 622 703 naturaliter
643 669 700 701 hic
725 678 798 701 mos
821 667 942 700 insitus
965 672 1059 698 erat:
1085 671 1120 698 ut
1144 675 1280 708 semper
1303 664 1545 698 dominationis
1569 664 1671 703 avidi,
1696 670 1799 707 prout
1820 665 1887 698 illis
1908 666 1998 699 vires
2013 666 2255 710 suppetebant,

418 724 589 756 neminem
612 729 723 755 terras
744 721 803 753 vel
826 720 1061 762 possessiones
1084 719 1249 752 habentes
1273 729 1315 750 ex
1339 717 1494 760 proximo
1517 716 1582 750 sibi
1604 717 1733 760 absque
1757 718 1984 752 aemulatione
2007 719 2136 752 habere
2159 725 2256 762 pate-

417 782 543 814 rentur,
568 775 650 818 quin
674 774 730 807 vel
753 774 796 806 ab
818 773 902 816 ipsis
924 772 1109 806 confestim
1132 771 1278 814 subjecti
1302 771 1570 809 deservirentur,
1594 770 1650 803 vel
1667 776 1763 804 certe
1778 771 1844 813 ipsi
1859 772 1973 805 omnia
1989 772 2024 805 in
2045 783 2108 806 sua
2129 772 2257 806 virtute

420 829 622 873 pon‘rentur.

505 935 673 969 XXXIX.
700 953 738 958 —
763 935 848 967 Inde
871 939 906 966 et
927 933 1103 966 Robertus
1125 933 1206 971 dux,
1229 932 1287 975 qui
1303 941 1388 973 prae
1405 932 1552 964 caeteris
1567 931 1661 964 hunc
1676 941 1807 964 morem
1821 931 1886 965 sibi
1901 931 2148 972 vindicaverat,
2164 933 2257 967 Gau-

420 990 549 1022 fridum
573 989 615 1021 de
638 989 860 1022 Conversano
874 986 894 1025 ¹,
918 992 1080 1028 nepotem
1105 985 1266 1018 videlicet
1289 995 1387 1017 suum
1409 1002 1451 1007 ——
1475 984 1564 1018 filius
1587 986 1720 1029 quippe
1744 985 1871 1018 sororis
1893 995 1977 1018 suae
2000 991 2075 1018 erat
2089 1003 2143 1025 —-,
2157 991 2197 1019 ut
2211 987 2257 1020 de

418 1042 647 1085 Montepiloso
670 1042 734 1074 sibi
757 1040 930 1073 servitium
954 1058 995 1062 —
1019 1039 1107 1072 sicut
1131 1044 1166 1071 et
1189 1037 1233 1071 de
1257 1037 1403 1070 caeteris
1427 1039 1557 1077 castris,
1581 1049 1670 1082 quae
1693 1038 1841 1081 plurima
1863 1038 1926 1072 sub
1949 1039 2024 1081 ipso
2040 1039 2193 1073 habebat
2213 1057 2256 1064 -

419 1096 611 1134 exhiberet,
634 1096 778 1128 adorsus
802 1100 873 1131 est3
898 1094 1060 1136 quodque
1084 1092 1141 1125 'ab
1164 1092 1252 1134 ipso,
1276 1092 1365 1124 sicut
1388 1097 1423 1124 et
1446 1098 1597 1131 coetera,
1621 1092 1760 1124 minime
1784 1098 1980 1135 acceperat,
2002 1093 2065 1126 sed
2086 1103 2149 1126 sua
2170 1098 2258 1126 stre-

418 1149 560 1188 nuitate,
584 1149 673 1180 duce
697 1147 761 1179 sibi
784 1147 945 1179 auxilium
968 1157 1036 1178 non
1060 1146 1207 1184 ferente,
1230 1156 1292 1188 per
1315 1155 1352 1177 se
1377 1144 1420 1177 ab
1450 1144 1603 1178 hostibus
1633 1146 1786 1178 lucratus
1818 1146 1943 1178 fuerat.

418 1208 554 1240 nuente,
579 1202 660 1243 dux,
683 1201 823 1233 admoto
847 1199 1010 1238 exercitu,
1034 1199 1127 1231 idem
1153 1204 1301 1231 castrum
1325 1197 1500 1230 obsessum
1515 1198 1630 1231 vadit:
1647 1198 1832 1242 multisque
1847 1199 2040 1232 militariter
2055 1210 2098 1232 ex
2111 1204 2257 1242 utraque

416 1261 512 1298 parte
535 1253 751 1297 perpetratis,
775 1252 925 1291 tandem,
948 1258 986 1285 ut
1008 1253 1050 1284 de
1075 1252 1198 1284 eodem
1223 1257 1348 1290 castre,
1371 1251 1462 1284 sicut
1484 1257 1519 1283 et
1541 1251 1585 1284 de
1610 1252 1767 1291 caeteris,
1782 1251 1848 1284 sibi
1863 1252 2040 1285 servitium
2054 1252 2257 1295 promittens

419 1307 608 1346 exhiberet,
632 1305 808 1349 compulit.

505 1418 581 1451 XL.
605 1435 646 1440 ——
669 1417 748 1450 Dux
770 1416 897 1459 itaque,
921 1416 1042 1449 videns
1065 1416 1189 1457 omnia,
1221 1426 1309 1458 quae
1340 1416 1415 1449 solo
1445 1416 1589 1458 inceptu
1620 1416 1821 1454 attentabat,
1852 1417 1990 1449 fortuna
2020 1416 2260 1450 favorabiliter

420 1471 605 1509 arridente,
627 1470 692 1503 sibi
713 1470 749 1502 in
771 1479 974 1512 prosperum
998 1469 1136 1507 cedere,
1159 1469 1421 1502 famosissimam
1443 1469 1575 1507 urbem,
1599 1480 1687 1512 quae
1711 1469 1837 1502 Barum
1859 1469 2000 1509 dicitur,
2023 1469 2137 1503 adhuc
2165 1469 2258 1504 Con-

420 1524 721 1567 stantinopolitano
744 1523 943 1565 imperatori
967 1533 1009 1554 ex
1031 1522 1198 1555 fidelitate
1215 1523 1460 1555 adhaerentem
1476 1522 1545 1555 sibi
1559 1532 1642 1555 vero
1658 1522 1822 1555 rebellem
1835 1523 1858 1561 2,
1875 1533 1918 1555 ex
1933 1522 2090 1566 proximo
2106 1542 2148 1547 —
2164 1523 2260 1557 haud

421 1579 523 1622 longe
547 1588 567 1610 a
589 1576 833 1619 Montepiloso,
856 1587 969 1619 quam,
993 1576 1133 1613 habens,
1164 1576 1439 1618 quibuscumque
1462 1581 1600 1618 poterat
1622 1576 1839 1618 pactionibus
1861 1576 2050 1619 imperator
2079 1577 2194 1615 etiam,
2220 1581 2259 1610 ut

419 1631 484 1664 sibi
506 1631 714 1663 faventiores
737 1630 912 1668 redderet,
936 1629 981 1661 ad
1003 1629 1299 1672 impugnationem
1315 1629 1470 1662 eiusdem
1485 1629 1579 1662 urbis
1593 1639 1710 1662 secum
1726 1630 1939 1673 inflamma[t]
1963 1649 2017 1670 —,
2040 1640 2131 1663 anno
2146 1630 2259 1664 Verbi

419 1684 589 1717 incarnati
611 1682 829 1724 MLXVII[I]
842 1681 864 1720 ³,
888 1682 1041 1725 equitatu
1065 1687 1100 1714 et
1123 1682 1237 1715 navali
1261 1682 1412 1715 exercitu
1435 1693 1511 1715 eam
1528 1682 1702 1716 obsessum
1717 1683 1823 1716 vadit.
1868 1683 1913 1716 Et
1929 1684 2012 1726 quia
2033 1683 2108 1726 ipsa
2123 1682 2258 1722 civitas,

421 1737 518 1781 quasi
539 1737 575 1769 in
599 1737 747 1780 quodam
771 1735 898 1780 angulo
921 1735 995 1774 sita,
1019 1736 1054 1767 in
1077 1745 1171 1768 mare
1194 1736 1394 1780 porrigitur,
1418 1735 1493 1778 ipse
1517 1746 1596 1768 cum
1620 1737 1770 1779 equestri
1801 1736 1953 1770 exercitu
1982 1737 2092 1780 ipsam
2123 1741 2259 1779 partem

421 1801 490 1834 qua
512 1790 630 1823 civitas
651 1800 769 1822 versus
791 1795 917 1822 terram
942 1788 1094 1831 patebat,
1117 1788 1214 1832 quasi
1237 1788 1281 1821 ab
1303 1799 1372 1822 uno
1395 1790 1482 1822 mari
1505 1789 1539 1821 in
1563 1789 1660 1822 aliud
1690 1789 1867 1828 claudens,
1895 1790 2040 1823 navibus
2069 1800 2134 1833 per
2162 1799 2258 1822 mare

423 1843 586 1883 extensis,
615 1854 683 1875 una
711 1842 756 1875 ad
788 1842 927 1875 alteram
957 1842 1100 1875 firmiter
1129 1842 1255 1875 ferreis
1286 1843 1427 1881 catenis,
1451 1853 1494 1875 ac
1523 1842 1551 1875 si
1581 1852 1699 1885 sepem
1729 1843 1904 1881 faciendo,
1927 1843 2187 1886 compaginatis,
2209 1843 2260 1877 ita

421 1903 526 1930 totam
553 1895 671 1928 urbem
702 1896 820 1934 cinxit,
850 1902 888 1928 ut
918 1895 1011 1928 nullo
1042 1895 1148 1928 latere
1179 1894 1304 1928 exitus'
1335 1895 1380 1928 ab
1411 1896 1494 1929 urbe
1525 1895 1771 1939 progrediendi
1802 1902 1949 1939 pateret.
1993 1896 2090 1930 Duos
2119 1906 2258 1941 quoque

421 1955 553 1992 pontes,
575 1959 678 1981 unum
701 1948 863 1981 videlicet
885 1947 929 1980 ab
951 1958 1158 1991 unaquaque
1180 1948 1256 1991 ripa
1279 1949 1502 1986 constituens,
1524 1949 1581 1992 qui
1599 1949 1735 1993 longius
1749 1950 1787 1983 in
1802 1959 1896 1982 mare
1912 1959 2020 1992 usque
2036 1959 2106 1992 quo
2120 1949 2259 1982 navium

508 2069 534 2093 3.
551 2068 676 2094 quaeque
692 2069 740 2086 om.
759 2061 785 2085 B
803 2075 835 2078 —
855 2060 880 2085 6.
900 2061 1047 2086 ferendum
1063 2060 1239 2094 perdomuit]
1258 2061 1371 2086 domuit
1390 2061 1536 2086 ferendum
1554 2062 1581 2086 B
1599 2075 1632 2079 —
1652 2068 1676 2095 7.
1694 2062 1800 2086 insitus
1813 2062 1884 2094 erat]
1897 2062 2019 2086 inolitus
2034 2062 2091 2087 fuit
2102 2061 2147 2086 P·
2159 2068 2260 2096 suppe-

420 2106 511 2129 terent
529 2104 593 2129 BD
610 2118 643 2123 —
664 2111 706 2129 u.
724 2103 805 2128 Unde
826 2104 849 2127 P
865 2116 898 2121 -—
920 2110 1008 2128 11-12.
1028 2103 1186 2128 Gauridum
1204 2103 1238 2128 de
1257 2102 1441 2129 Conversana
1459 2104 1526 2128 P-
1543 2110 1584 2136 15.
1603 2104 1637 2128 ab
1656 2105 1739 2129 hoste
1757 2105 1782 2128 P
1797 2117 1830 2123 —-
1852 2103 1892 2129 16.
1911 2105 1990 2129 moto
2008 2104 2057 2128 B·
2069 2104 2119 2137 ad]
2138 2103 2215 2129 idem
2233 2104 2262 2129 P

419 2160 451 2164 —
474 2145 513 2171 18.
532 2146 653 2171 existere
671 2146 796 2171 contulit
815 2147 844 2170 D
862 2159 895 2164 ——
916 2152 957 2171 20.
970 2146 1157 2171 fortissimam
1170 2146 1196 2169 B
1214 2160 1247 2165 —-
1267 2153 1309 2171 21.
1328 2146 1465 2171 adherens
1485 2146 1509 2171 C
1526 2160 1558 2165 -
1582 2152 1671 2179 22-23.
1690 2147 1888 2180 Montepiloso
1906 2147 2020 2178 habens,
2041 2146 2260 2179 quibuscumque

419 2188 574 2221 Imperator
591 2189 718 2221 praeerat
729 2188 909 2221 pactIonibus
921 2190 951 2212 et
962 2189 994 2213 ut
1007 2188 1064 2213 sibl
1075 2188 1127 2213 cosi
1140 2188 1168 2218 P,
1181 2196 1224 2212 ma
1236 2188 1260 2213 il
1269 2191 1390 2217 cantes-to,
1403 2189 1529 2213 intricate
1540 2188 1618 2214 com'c'
1629 2189 1653 2213 il
1658 2189 1778 2220 periodo,
1792 2189 1873 2213 rtesce
1885 2195 1975 2213 ascaro
1988 2202 2020 2207 —
2034 2195 2076 2221 ²3·
2090 2188 2259 2221 inflammat]

424 2232 533 2255 instans
552 2230 592 2261 P,-
611 2230 787 2255 inflammans
805 2230 869 2255 BD
887 2243 919 2248 —
940 2237 982 2262 ²4·
1001 2228 1155 2264 obsessum]
1175 2232 1370 2263 oppugnatum
1391 2231 1416 2255 B
1426 2231 1455 2255 D
1474 2244 1507 2249 —
1522 2237 1536 2255 2
1540 2238 1563 2264 5.
1577 2231 1658 2263 quasi
1671 2231 1702 2256 in
1716 2231 1837 2263 quodam
1850 2239 1899 2256 om.
1913 2231 1977 2256 BD
1989 2244 2022 2249 —
2036 2236 2079 2263 27.
2092 2230 2220 2257 cathenis
2233 2231 2261 2256 B

425 2286 455 2290 -
477 2271 518 2297 28.
537 2274 569 2297 ut
580 2291 586 2297 .
657 2271 777 2305 pateret]
795 2274 826 2297 ut
845 2273 926 2297 nullo
944 2280 980 2297 ex
999 2272 1086 2297 latere
1105 2272 1202 2305 aliquo
1222 2272 1357 2305 progredi
1377 2273 1410 2297 ab
1430 2273 1497 2298 urbe
1515 2275 1620 2306 posset.
1638 2274 1704 2298 BD
1722 2287 1755 2291 —
1776 2279 1816 2307 29.
1837 2280 1894 2305 quo
1912 2281 1961 2298 om.
1980 2273 2007 2297 Ρ

511 2373 520 2390 ¹
538 2374 620 2399 Oltre
639 2373 831 2404 conversano,
845 2373 977 2399 Goffredo
991 2375 1144 2408 possedeva
1158 2375 1310 2407 Monopoli
1364 2377 1433 2406 glia,
1446 2375 1518 2401 teste
1532 2378 1685 2401 accennata
1703 2376 1750 2401 dal
1770 2376 1807 2401 M.
1845 2376 1891 2400 Ad
1910 2375 2111 2401 illustrazlone
2123 2374 2152 2400 di
2166 2375 2262 2407 queste

1988 1146 2030 1178 Id
2060 1146 2180 1179 facere
2201 1156 2257 1179 re-
2301 1168 2314 1178 .

424 2417 629 2450 Montepeloso‚
647 2416 820 2449 Polignano,
838 2417 975 2441 Brindisi.
1011 2416 1150 2442 Rifiutato
1171 2417 1193 2442 il
1207 2418 1315 2442 dovuto

424 2459 547 2483 servizio
565 2459 624 2483 allo
643 2460 697 2488 zio,
716 2457 824 2491 occupo
843 2459 951 2483 Mateta
964 2466 979 2483 e
993 2459 1193 2491 Castellaneta,
1207 2460 1315 2485 dichia-

425 2500 548 2530 randost,
561 2501 679 2525 insieme
693 2508 746 2525 con
761 2501 827 2526 altri
841 2501 952 2533 signori
965 2501 1041 2526 della
1053 2500 1163 2534 Puglia,
1174 2502 1206 2527 in
1218 2503 1316 2534 aperta

425 2542 583 2568 ribemone.
620 2542 660 2567 La
679 2543 761 2575 quale
779 2542 850 2568 duro
870 2543 1030 2576 dall’aprile
1043 2543 1088 2568 del
1104 2543 1172 2576 1064
1185 2545 1242 2569 alla
1260 2544 1316 2568 fine

425 2584 470 2609 del
493 2584 568 2617 1067,
587 2586 623 2610 od
644 2587 672 2610 ai
690 2584 817 2617 principi
837 2585 881 2610 dcl
902 2584 979 2610 1068.
1015 2586 1038 2610 Il
1059 2586 1105 2615 M„
1125 2593 1178 2618 pur
1196 2593 1313 2611 concor-

426 2627 519 2652 dando
537 2634 592 2652 con
612 2627 694 2652 Gun..
713 2628 813 2656 Arm...
837 2626 871 2659 11,
899 2632 951 2660 450
975 2635 1044 2660 sgg..
1063 2628 1091 2653 la
1111 2628 1192 2653 fonte
1211 2629 1316 2661 meglio

427 2669 588 2701 informata,
609 2669 760 2694 sintetizza
785 2676 823 2694 un
849 2669 894 2702 po’
919 2671 1023 2703 troppo
1048 2670 1090 2703 gli
1114 2672 1315 2696 avvenimenti.

427 2709 471 2735 Cf.
500 2711 645 2736 chronicon
663 2712 702 2736 br.
721 2711 877 2739 Nortman..
897 2712 934 2735 ad
956 2719 999 2736 an.
1025 2712 1190 2742 1063-1064,·
1213 2713 1316 2738 Aaou.

428 2753 507 2782 Bau„
521 2753 574 2782 id.;
589 2754 659 2778 Lus.
678 2754 828 2782 Paci-osa,
847 2754 884 2778 ad
900 2761 943 2778 an.
966 2753 1133 2786 1064·1068:
1152 2754 1226 2779 ΟΜ).
1240 2755 1315 2786 Vna,

427 2794 474 2824 1V,
493 2803 520 2828 p.
534 2794 576 2828 78.
613 2794 729 2823 Quanto
748 2795 805 2820 alla
824 2796 994 2828 cronologia
1019 2796 1052 2820 ed
1078 2796 1136 2820 alla
1159 2797 1260 2821 critica
1286 2798 1315 2822 di

428 2839 517 2868 questi
537 2838 740 2868 avvenimenti‚
760 2838 795 2862 cf.
813 2838 932 2867 nissen,
952 2841 992 2869 op.
1009 2839 1066 2866 cit..
1085 2839 1115 2862 in
1135 2839 1238 2863 Fors-ch.
1258 2840 1315 2868 eit„

428 2878 500 2908 VIII,
521 2878 580 2910 360,
599 2886 613 2902 e
633 2878 830 2908 Cmnmnon,
847 2882 886 2911 op.
906 2880 963 2908 cit„
980 2879 1039 2904 vol.
1058 2879 1078 2909 Ι,
1097 2887 1144 2912 pp.
1166 2879 1216 2904 180
1234 2887 1293 2913 sgg.

515 2918 526 2935 ²
545 2920 734 2946 Conosciamo
753 2922 831 2954 dagli
849 2922 964 2946 Annales
983 2922 1122 2951 Bar-emes,
1134 2923 1170 2946 ad
1180 2930 1224 2947 an.
1241 2922 1315 2956 1064,

430 2961 437 2983 i
453 2961 539 2986 buoni
559 2964 686 2995 rapporti
707 2964 836 2988 ch’erano
856 2965 929 2988 corsi
948 2965 993 2988 tra
1012 2963 1040 2988 la
1066 2961 1136 2988 cittii
1161 2964 1191 2989 di
1216 2965 1282 2989 Bari
1301 2973 1315 2989 e

429 3001 552 3028 Roberto
571 3003 728 3030 Guiscardo
747 3005 804 3030 fino
830 3006 886 3030 alla
906 3005 1012 3030 rivolta
1032 3005 1143 3030 reudale
1161 3006 1236 3031 della
1261 3007 1315 3031 Pu-

1370 2419 1489 2443 vicende
1508 2426 1582 2452 poco
1601 2419 1704 2448 chiare,
1723 2417 1738 2442 ὲ
1756 2419 1826 2443 bene
1845 2418 1989 2442 ricordare
2007 2417 2048 2450 gli
2069 2417 2143 2442 aiutt
2160 2416 2263 2442 chlesti

1370 2461 1416 2485 dai
1437 2461 1532 2486 ribelli
1553 2462 1582 2486 di
1607 2461 1710 2494 Puglia
1735 2461 1792 2485 alla
1817 2462 1896 2485 corte
1921 2460 1950 2485 di
1977 2458 2224 2492 Costantinopoli,
2247 2465 2262 2483 e

1368 2502 1525 2528 l‘interesse
1545 2504 1594 2528 che
1613 2505 1711 2535 questa
1729 2504 1797 2528 ebbe
1811 2503 1856 2527 nel
1871 2504 1949 2535 porsi
1970 2510 1985 2527 a
2005 2509 2075 2534 capo
2094 2501 2139 2526 del
2153 2500 2262 2534 partito

1369 2547 1593 2570 antinormanno
1611 2552 1627 2570 e
1640 2545 1685 2570 nel
1699 2545 1813 2578 volgere
1826 2553 1841 2569 a
1854 2552 1905 2569 suo
1919 2543 2037 2577 profitto
2049 2543 2071 2568 ll
2085 2543 2262 2568 movaento

1370 2589 1538 2612 sovversivo
1557 2588 1692 2621 pugilese.

1456 2630 1467 2647 ³
1485 2631 1713 2663 Appartengono
1732 2630 1860 2655 all’anno
1875 2629 1917 2662 ’67
1932 2629 1960 2653 la
1972 2630 2095 2654 riscossa
2114 2628 2264 2652 bizuntina

1370 2673 1399 2696 in
1419 2672 1513 2703 Italia,
1533 2673 1560 2697 la
1579 2675 1684 2697 venuta
1703 2673 1732 2696 di
1752 2674 1853 2704 truppe
1872 2671 2008 2696 orientali
2030 2678 2045 2695 a
2063 2670 2130 2695 Bari
2143 2669 2197 2694 ele
2210 2669 2264 2694 vtt-

1368 2715 1442 2739 torie
1461 2717 1600 2748 riportate
1613 2717 1656 2740 sui
1671 2715 1831 2740 Normanni
1846 2723 1860 2739 a
1881 2714 2019 2745 Brindisi,
2038 2712 2074 2738 ad
2093 2711 2228 2743 Otrsnto,
2247 2718 2263 2736 a

1368 2757 1494 2782 Taranto
1514 2756 1674 2789 (Chrom'con
1693 2757 1732 2781 br.
1750 2757 1864 2788 Nortm„
1885 2756 1921 2781 ad
1937 2763 1980 2780 an.
2003 2754 2084 2787 1067:
2104 2754 2164 2779 Au.
2184 2753 2264 2783 Bm..

1366 2800 1403 2823 ad
1425 2807 1468 2824 an.
1491 2798 1572 2828 1066;
1592 2799 1793 2829 sitim—Cama„
1810 2799 1844 2828 ΙΙ,
1871 2796 1991 2831 723-25).
2028 2798 2050 2821 E
2070 2797 2156 2821 risale
2175 2796 2263 2820 certa-

1368 2843 1460 2865 mente
1485 2842 1512 2865 al
1539 2840 1580 2874 ¹67
1608 2841 1629 2865 il
1655 2841 1796 2865 desiderio
1816 2840 1860 2865 del
1881 2839 2042 2864 Guiscardo
2060 2839 2089 2863 di
2116 2844 2197 2863 osare
2223 2845 2261 2862 un

1368 2884 1493 2908 decisivo
1513 2884 1598 2916 colpo
1617 2884 1646 2908 di
1667 2891 1750 2908 mano
1771 2883 1844 2907 sulla
1864 2882 1987 2915 capitale
2000 2881 2044 2906 del
2059 2880 2166 2906 Thema
2181 2878 2265 2904 d’Ita·

1367 2925 1415 2949 lia.
1452 2925 1499 2949 Ma
1512 2925 1644 2950 l’assedio
1664 2926 1693 2950 di
1713 2932 1773 2950 essa
1787 2933 1844 2949 non
1859 2922 2002 2949 comiaclo
2017 2923 2111 2956 prima
2123 2921 2263 2954 dell’ngo-

1367 2968 1412 2991 sto
1438 2967 1482 2990 del
1506 2966 1579 2992 1068.
1617 2967 1660 2993 Cf.
1682 2966 1767 2992 Gun..
1787 2966 1887 2996 Avus„
1907 2966 1941 2996 11,
1960 2965 2012 2998 478
2038 2973 2112 2998 sgg.;
2140 2964 2267 2989 Auno.

1370 3009 1403 3039 V,
1424 3014 1464 3040 ²7·

2282 826 2314 859 l(

2279 1470 2314 1503 2(

2281 1737 2314 1770 2!

2292 2677 2314 2704 31

2293 2886 2314 2912 3}
