2314 3418
373 239 420 273 80
945 234 1218 271 GAUFREDI
1247 233 1627 270 MALATERRAE
2045 239 2095 277 [A.
2116 240 2210 278 108-ss

368 361 437 393 dux
458 358 553 401 prior
582 364 616 391 et
645 358 755 390 omnis
778 356 949 390 exercitus
972 355 1221 398 subsequenter
1245 365 1323 387 cum
1347 354 1580 388 oblationibus
1602 355 1647 388 ad
1677 356 1786 398 pedes
1817 357 1899 398 eius,
1923 357 2041 391 debito
2064 358 2206 398 honore,

365 411 546 455 provoluti,
569 410 750 453 plurimum
774 410 1011 442 thesaurorum
1043 408 1262 441 contulerunt
1276 409 1298 440 ¹.

451 464 559 496 Porro
582 462 742 501 Romani,
764 461 895 494 viribus
916 461 1108 504 resumptis,
1131 460 1387 503 conspiratione
1410 460 1557 493 invicem
1573 461 1682 500 tacta,
1703 462 1809 495 tertia
1824 463 1880 496 die
1896 470 1974 506 post
1990 464 2201 508 cong-regati,

365 530 427 561 per
448 516 578 549 medias
600 515 731 558 plateas
753 514 859 554 urbis,
882 515 1010 556 impetu
1034 514 1142 552 facto,
1167 523 1270 556 super
1293 519 1428 546 nostros
1450 513 1581 546 irruere
1606 519 1786 548 conantur.
1832 516 1890 549 Fit
1911 517 2042 550 clamor
2065 523 2099 550 et
2114 523 2201 550 stre·
2296 554 2302 566 ἆ

363 571 453 613 pitus
475 571 512 601 in
535 570 630 601 urbe.
677 568 806 607 Nostri,
829 578 849 599 a
865 567 1001 606 mensis,
1018 567 1141 610 quibus
1158 566 1366 605 assidebant,
1382 573 1657 609 prorumpentes,
1674 577 1783 612 ocyus
1798 568 1835 600 in
1851 580 1946 602 arma
1960 576 2077 603 ruunt:
2094 571 2200 603 hosti·
2249 571 2267 603 5

366 624 428 656 bus
450 624 565 655 hostes
587 626 788 654 occurrunt:
813 621 901 653 dura
922 621 1019 653 frons
1049 619 1154 652 durae
1186 619 1294 651 fronti
1326 619 1496 653 obviatur.
1542 620 1725 663 Rogerius,
1749 620 1838 653 filius
1870 622 1980 662 ducis,
2004 633 2082 656 cum
2112 623 2206 656 mille

185 690 214 712 l),
232 695 289 713 mv
364 676 545 720 equitibus,
567 675 745 707 nesciente
768 673 884 717 'patre,
909 679 1005 706 extra
1026 672 1145 705 urbem
1170 684 1190 705 a
1212 673 1380 706 Romanis
1403 672 1571 712 infestari,
1596 673 1780 706 citissimus
1804 684 1882 706 cum
1904 675 2033 718 impetu
2056 676 2206 709 advolat.

365 728 436 760 Sed
458 727 626 760 Romanis
649 727 784 759 fortiter
806 726 1050 765 insistentibus,
1073 726 1186 759 nullus
1200 727 1350 768 impetus
1365 725 1599 768 praevalebat,
1617 726 1730 759 donec
1753 727 1842 759 dux:
1861 728 2006 772 “Ignem
2019 729 2027 760 l
2041 752 2072 769 „,
2089 730 2206 762 excla-

364 791 471 820 manS,
493 781 579 813 urbe
602 790 761 818 accensa,
786 780 879 812 ferro
903 785 938 812 et
960 780 1096 813 flamma
1118 779 1255 812 insistit.
1303 780 1405 812 Tune
1430 780 1569 812 demum
1593 779 1754 820 Romani,
1782 779 1982 814 incendium
2009 782 2102 815 terre
2134 793 2204 815 non
2312 812 2314 814 .

186 847 209 870 c,
223 851 271 871 „r
362 835 526 875 valentes,
548 836 585 867 in
608 835 722 878 fugam
755 839 945 866 vertuntur.
991 833 1070 865 Dux
1101 833 1288 876 fugientes,
1321 833 1502 865 'extremos
1523 842 1680 876 quosque
1704 833 1874 873 cedendo,
1902 844 2010 877 usque
2041 836 2087 869 ad
2115 845 2203 878 pon·
2230 836 2285 878 102
2313 831 2314 835 ¹

362 895 430 921 tem
452 888 678 931 persequitur.
723 887 816 920 Urbs
841 887 989 919 maxima
1012 897 1055 920 ex
1078 893 1176 929 parte
1199 886 1375 924 incendio,
1398 892 1503 919 vento
1534 886 1686 919 admixto
1717 892 1952 927 accrescente,
1985 889 2204 923 consumitur.
2297 879 2314 895 i

364 941 484 974 Nostri
506 942 658 974 victores
679 941 773 983 apud
795 941 1003 973 Lateranum
1026 945 1255 972 revertuntur.

450 994 600 1028 Romani
624 995 751 1037 itaque,
773 994 891 1026 hostes
917 993 1011 1026 infra
1040 1003 1157 1026 muros
1188 993 1252 1025 sibi
1283 993 1463 1025 imminere
1495 999 1676 1026 cernentes
1707 999 1741 1026 et
1773 1003 1893 1026 eorum
1925 994 2205 1027 infestationibus

360 1047 590 1092 praegravari,
614 1047 756 1079 ulterius
780 1047 874 1079 ferre
897 1056 967 1079 non
990 1046 1156 1085 valentes,
1181 1046 1328 1078 consilio
1351 1046 1443 1078 inter
1465 1056 1504 1078 se
1527 1046 1769 1088 prudentiores
1791 1046 1887 1079 urbis
1909 1046 2040 1086 habito,
2071 1047 2205 1091 eligunt
2280 1090 2283 1091 ⁷

363 1102 489 1140 sanius,
518 1100 708 1143 apostolico
731 1109 792 1132 suo
812 1100 1108 1141 confoederando,
1124 1099 1358 1138 reconciliari,
1382 1109 1485 1142 quam
1509 1099 1635 1133 diutius
1650 1099 1684 1132 in
1702 1105 1849 1142 excepta
1862 1099 1962 1132 ruina
1976 1101 2206 1142 persistendo,
2232 1100 2278 1141 15¹

362 1154 480 1188 hostili
503 1154 618 1197 gladio
642 1153 736 1186 nullo
761 1159 904 1197 quaestu
927 1153 1094 1186 ventilari.
1142 1153 1282 1196 Sicque,
1306 1162 1394 1195 pace
1419 1153 1583 1195 expetita,
1607 1152 1816 1185 collocutum
1847 1154 2068 1193 accedentes,
2097 1154 2204 1196 pluri-

362 1209 426 1241 bus
448 1206 795 1240 circumventionibus
818 1207 863 1239 de
886 1206 1106 1239 excusatione
1136 1206 1270 1238 fraudis
1299 1206 1364 1246 usi,
1392 1206 1543 1244 tandem,
1566 1206 1668 1238 venia
1683 1206 1878 1248 impetrata,
1893 1206 2205 1246 reconciliantur'3

363 1260 606 1300 Sacramentis‚
630 1269 693 1302 pro
716 1259 815 1292 libito
838 1270 949 1302 papae
982 1265 1016 1292 et
1047 1259 1146 1291 ducis
1176 1259 1329 1303 obligati,
1353 1259 1589 1292 foederantur.
1637 1258 1772 1291 Nostris
1795 1258 2050 1299 recedentibus,
2073 1259 2155 1293 urbs
2183 1271 2206 1293 a

363 1314 555 1346 calamitate
577 1312 693 1346 hostili
716 1312 914 1345 absolvitur.
960 1312 1008 1345 At
1028 1313 1082 1345 vir
1105 1312 1320 1356 apostolicus,
1344 1312 1523 1354 perfidiam
1546 1313 1787 1346 Romanorum
1811 1323 2026 1356 cognoscens
2053 1318 2088 1346 et
2116 1313 2204 1346 ulte-

360 1367 429 1399 rius
452 1366 648 1399 obsessione
672 1366 917 1399 circumveniri
941 1375 1078 1404 cavens,
1102 1366 1248 1399 consilio
1270 1366 1420 1398 fidelium
1444 1376 1582 1398 suorum
1605 1376 1696 1403 usus,
1722 1366 1769 1399 ad
1791 1371 1939 1409 tempus,
1969 1366 2054 1399 urbe
2085 1365 2200 1411 digre—
2222 1368 2278 1399 20
2304 1409 2305 1412 ¹

362 1420 504 1458 diendo,
526 1419 645 1452 maluit
667 1419 903 1452 Romanorum
926 1420 1085 1452 fraudem
1109 1420 1296 1459 declinare,
1320 1430 1423 1462 quam
1446 1419 1494 1452 ibi
1518 1419 1746 1462 persistendo,
1770 1426 1805 1453 et
1828 1419 1937 1452 libera
1960 1419 2129 1453 facultate
2152 1419 2204 1452 eis

361 1484 525 1507 concessa
547 1474 591 1506 de
614 1484 650 1506 se
674 1473 749 1516 ipso
772 1473 967 1516 periculum
990 1473 1155 1506 faciendo
1178 1478 1290 1506 utrum
1315 1483 1367 1513 ea,
1391 1482 1479 1516 quae
1495 1472 1749 1515 promittebant,
1765 1472 1925 1512 fideliter,
1941 1482 1986 1505 an
2001 1482 2072 1506 non
2086 1482 2203 1506 serva-

361 1532 479 1560 rentur
490 1532 638 1566 tentare,
654 1527 716 1560 sed
731 1537 809 1560 cum
826 1527 917 1559 duce
931 1526 969 1558 in
984 1525 1147 1569 Apuliam
1163 1527 1339 1565 secedens,
1356 1526 1449 1569 apud
1465 1526 1700 1559 Beneventum
1717 1525 1820 1559 venit.
1862 1525 1990 1569 Sicque
2005 1526 2042 1559 in
2056 1525 2203 1569 Apuliae

360 1580 514 1623 partibus
535 1591 644 1624 usque
667 1580 713 1614 ad
735 1586 925 1614 extremum
948 1580 1052 1620 vitae,
1075 1579 1189 1613 Roma
1211 1579 1334 1618 invisa,
1357 1579 1559 1622 permansit.

448 1690 650 1724 XXXVIII.
675 1709 716 1715 -—
739 1691 862 1731 Roma,
885 1691 1051 1735 quondam
1074 1691 1271 1734 bellipotens
1293 1695 1360 1724 toto
1382 1691 1461 1724 orbe
1473 1691 1618 1736 florida,

802 1744 897 1777 Colla
918 1744 1138 1788 superborum
1162 1744 1307 1786 domans,
1331 1744 1565 1787 perlustrabas
1590 1743 1753 1776 climata!

712 1797 828 1841 Leges
850 1798 953 1830 dabas
975 1802 1010 1829 et
1031 1797 1167 1830 habenis
1189 1798 1407 1842 temperabas
1430 1798 1553 1830 omnia.

801 1851 892 1884 Ante
913 1856 946 1883 te
968 1852 1154 1883 tremebant
1175 1852 1282 1893 duces,
1303 1851 1494 1895 principes,
1517 1851 1676 1895 imperia.

713 1904 951 1937 Curvabantur
974 1905 1058 1937 colla
1080 1915 1203 1948 regum
1225 1904 1309 1937 loris
1331 1905 1397 1937 tuis
1420 1905 1565 1937 domita:

801 1957 871 1991 Nil
890 1958 1035 2001 superba
1057 1958 1263 1996 resistebant,
1286 1968 1361 1990 ense
1383 1962 1439 1990 tuo
1462 1958 1599 1991 territa.

714 2009 907 2044 Ordinabas
929 2012 1019 2054 quod
1038 2011 1179 2044 volebas.
1203 2011 1316 2044 Duces
1336 2011 1407 2043 sive
1426 2011 1607 2055 principes

799 2063 1001 2108 Deponebas
1021 2064 1191 2107 superbos,
1214 2075 1328 2097 servos
1351 2065 1435 2097 dans
1457 2065 1605 2098 humiles.

712 2117 852 2150 Artibus
872 2117 926 2150 his
949 2118 1138 2156 exercuisti,
1158 2118 1263 2158 justos
1285 2118 1407 2150 habens
1418 2119 1568 2162 judices.

799 2170 957 2214 Dumque
970 2171 1068 2214 justa
1089 2171 1281 2213 sectabaris,
1296 2171 1478 2215 fruebaris
1499 2171 1682 2215 prosperis

712 2223 827 2267 Leges
847 2234 871 2255 a
892 2228 925 2255 te
945 2224 1163 2267 requirebant
1184 2235 1294 2256 omnes
1316 2235 1420 2268 reges
1442 2225 1585 2257 saeculi:

798 2275 971 2309 Sententia
992 2280 1059 2320 per
1081 2282 1113 2309 te
1135 2278 1218 2310 data
1239 2277 1408 2310 indivulsa
1435 2278 1602 2321 perstitit.

715 2329 885 2373 Tempore
906 2329 1000 2362 haud
1019 2331 1125 2373 longo
1148 2331 1270 2363 talibus
1292 2331 1423 2373 studiis,

798 2382 999 2427 Implicaris
1013 2383 1148 2427 fraude
1170 2389 1228 2416 tua
1251 2384 1408 2428 turpibus
1431 2385 1582 2428 negotiis
1597 2397 1608 2428 ‚-

711 2435 853 2469 Fraude
875 2440 934 2468 tua
955 2435 1156 2469 clarescente
1178 2447 1306 2469 moeres
1330 2438 1559 2481 despicabilis.

801 2487 852 2521 Te
861 2490 942 2532 jam
964 2489 1052 2521 nulli
1071 2489 1322 2533 pertimescunt,
1346 2494 1451 2534 terga
1473 2490 1615 2534 praebes
1637 2490 1806 2523 omnibus:

711 2541 821 2575 Arma
842 2545 903 2574 tua
923 2542 1078 2574 hebetata
1099 2547 1216 2575 carent
1237 2543 1453 2576 acuminibus.

2255 2627 2263 2648 ,ἢ

451 2680 472 2698 1.
491 2671 612 2704 honore]
634 2679 709 2697 more
728 2673 756 2696 P
765 2673 789 2698 C
801 2685 832 2690 -
848 2678 871 2697 2.
883 2672 1045 2697 thesaurum
1058 2673 1086 2698 P
1097 2686 1129 2690 —
1143 2678 1193 2705 4-5.
1206 2673 1314 2698 clamor
1326 2674 1357 2698 in
1372 2675 1438 2699 urbe
1451 2676 1479 2698 et
1493 2676 1628 2707 strepitus
1642 2675 1668 2698 B
1677 2676 1706 2699 D
1719 2687 1752 2691 —-
1766 2673 1790 2698 6.
1805 2674 1922 2698 currunt
1933 2673 1962 2698 P
1972 2685 1982 2690 -
1996 2672 2082 2697 dune
2097 2669 2200 2704 fronti]
2255 2678 2262 2707 ,ξ

361 2715 394 2739 ab
413 2714 482 2740 dura
501 2715 596 2740 fronte
614 2715 640 2739 P
656 2728 688 2732 —
710 2722 749 2747 14.
770 2721 828 2739 non
854 2713 991 2746 valentes]
1006 2717 1175 2746 nequeuntes
1194 2716 1258 2740 BD
1276 2729 1308 2733 —
1330 2721 1368 2748 15.
1385 2717 1499 2748 incepta
1520 2718 1546 2740 P
1563 2730 1572 2734 —
1592 2714 1686 2750 ruina]
1708 2717 1816 2748 ineptia
1836 2716 1908 2741 1³-
1930 2714 1970 2740 16.
1982 2713 2116 2747 expedita
2131 2713 2201 2738 allo·
2254 2708 2257 2713 ’

358 2758 452 2782 cutum
471 2758 499 2782 P
516 2770 548 2775 -
570 2756 610 2782 18.
629 2757 750 2790 obligati
770 2765 818 2781 om.
837 2757 902 2782 BD
921 2769 954 2774 —
973 2763 1015 2781 21.
1034 2757 1136 2782 maluit
1154 2765 1203 2782 om.
1225 2759 1282 2782 PC
1300 2771 1308 2776 ·
1330 2758 1456 2783 fraudem
1476 2759 1632 2791 declinare]
1653 2759 1677 2783 Α
1697 2762 1788 2791 questa
1807 2759 1909 2790 parole
1927 2757 1953 2782 il
1967 2757 2046 2782 Mun.
2070 2755 2202 2782 muana
2256 2779 2257 2783 ,

360 2799 389 2823 in
407 2802 470 2824 nota
487 2799 517 2824 la
534 2802 656 2830 ,regnante
673 2799 809 2827 variante.
832 2798 933 2830 ck’egli
948 2799 982 2823 ha
998 2799 1123 2824 ricavato
1140 2798 1273 2824 dall'edls.
1292 2800 1340 2825 del
1355 2800 1489 2826 CARUsoz
1510 2803 1538 2825 et
1558 2802 1587 2825 in
1607 2800 1789 2825 Monasterio
1809 2799 1976 2825 Cassinensl
1994 2797 2131 2823 Pontifex
2149 2796 2199 2821 diu
2286 2821 2288 2825 ,

318 2846 332 2872 5
364 2840 515 2865 habitabit.
551 2841 602 2865 Ma
620 2848 677 2866 essa
697 2853 729 2859 -
748 2848 819 2865 come
836 2841 883 2865 del
892 2843 962 2866 resto
982 2841 1134 2866 moltiseime
1153 2841 1234 2871 altre,
1249 2845 1301 2874 per
1312 2850 1363 2867 nan
1382 2842 1443 2867 dire
1461 2843 1489 2867 Ia
1508 2843 1586 2874 quasi
1603 2843 1715 2868 totalita
1737 2856 1763 2860 —
1780 2849 1829 2867 non
1846 2842 1873 2867 sa·
1889 2845 1968 2866 trava
1986 2841 2014 2865 r’n
2034 2847 2140 2864 messano
2157 2838 2204 2863 dee·
2251 2855 2254 2858 -
2285 2846 2288 2860 ι·

359 2882 433 2906 codd.
453 2882 490 2906 da
508 2890 549 2906 me
564 2882 679 2908 studiat?
695 2896 727 2901 -
747 2889 788 2915 31.
806 2889 876 2914 quos
898 2883 921 2907 C
937 2896 970 2901 —
988 2889 1031 2914 33.
1050 2882 1095 2906 his
1113 2889 1161 2906 om.
1182 2883 1209 2906 P
1227 2896 1258 2900 -
1278 2882 1320 2916 36.
1340 2884 1498 2916 indlvulsa]
1518 2884 1645 2909 indivisa
1665 2885 1691 2908 P
1706 2897 1739 2902 -
1758 2890 1801 2916 37.
1821 2886 1946 2916 tempore
1964 2883 2017 2907 hoc
2036 2881 2122 2914 longe
2143 2881 2166 2906 C

448 2969 457 2986 ¹
484 2970 543 2995 Vita
566 2971 704 3003 Gregorii,
725 2972 754 2995 in
774 2971 857 2997 Liber
870 2970 1040 3003 Pontificalis
1053 2968 1107 3003 (ed.
1120 2971 1251 2996 Ducmzs-
1391 2971 1401 2988 ²
1419 2972 1599 2998 Ltmxmm’m
1628 2974 1701 2998 Hist.
1726 2973 1883 3003 Mediolan.‚
1902 2973 1933 2996 in
1953 2972 1994 2996 M.
2020 2971 2048 2995 G.
2075 2970 2111 2995 H.
2139 2969 2198 2998 SS..
2283 2948 2286 2984 ἒ

360 3009 420 3044 NE),
442 3012 499 3037 vol.
517 3011 552 3042 11,
573 3018 632 3045 ²90·
1304 3014 1362 3039 vol.
1382 3014 1456 3046 vm,
1480 3022 1537 3040 100.
2232 3016 2244 3035 ¹
2284 3014 2285 3038 ἶ
