2314 3418
132 1368 160 1389 Ι),
180 1374 216 1393 ¹3⁰
224 1374 237 1386 -ιι

128 1584 202 1605 Mun..
220 1589 258 1608 595

317 232 363 266 94
897 228 1171 263 GAUFREDI
1201 227 1580 263 MALATERRAE
1992 236 2044 270 [Α.
2066 237 2159 270 1090}

400 352 529 384 Sedata
551 351 667 393 itaque
693 350 786 382 omni
812 349 940 387 Sicilia,
965 359 1079 381 eomes
1102 350 1287 392 Rogerius,
1313 349 1431 382 collati
1454 349 1520 382 sibi
1552 360 1571 382 a
1602 352 1677 383 Deo
1707 351 1867 385 beneficii
1900 363 1969 386 non
2000 354 2156 397 ingratus

312 405 471 441 existens,
496 402 705 440 omnimode,
721 401 910 435 secundum
936 402 1030 445 quod
1054 402 1246 435 mundiales
1271 411 1383 441 curae,
1401 402 1527 445 quibus
1543 403 1790 447 occupabatur,
1807 405 2064 448 permittebant,
2080 405 2156 439 Deo

310 456 426 499 coepit
449 466 523 488 sese
547 456 711 488 devotum
734 455 901 492 existere;
929 460 962 487 et
985 460 1114 498 quanto
1138 455 1296 497 ampliori
1320 455 1451 488 honore
1474 461 1614 489 terreno
1638 466 1674 490 se
1703 468 1723 490 a
1752 458 1827 490 Deo
1861 464 2078 501 provectum,
2096 469 2155 492 co-

311 509 512 553 gnoscebat,
537 514 633 541 tanto
658 508 818 550 ampliori
842 508 955 540 studio
981 508 1116 550 agebat,
1139 514 1177 540 ut
1199 508 1233 539 in
1256 508 1437 550 perfectae
1461 509 1663 543 humilitatis
1685 515 1775 543 statu
1790 512 1986 553 persistens,
2002 522 2153 556 gressum

312 564 434 595 mentis
458 563 547 605 figat.
596 560 768 594 Militibus
791 562 908 604 itaque
932 561 1010 600 suis,
1035 571 1180 604 quorum
1217 561 1346 594 auxilio
1378 562 1465 594 tanti
1499 562 1640 595 honoris
1675 563 1809 595 eulmen
1846 564 1994 608 adeptus
2028 565 2155 603 fuerat,
2202 565 2220 598 5

309 616 438 658 gratias
461 625 538 648 cum
562 615 655 648 omni
679 614 939 648 mansuetudine
964 615 1131 652 referens,
1157 613 1362 658 quibusdam
1386 615 1486 647 terris
1519 622 1553 648 et
1584 615 1687 659 largis
1717 617 2000 659 possessionibus,
2031 618 2159 662 quibu-

312 670 408 702 sdam
431 679 515 701 vero
537 668 613 701 aliis
637 668 782 701 diversis
805 667 964 710 praemis,
989 667 1117 700 laboris
1140 667 1191 700 sui
1215 668 1362 700 sudores
1385 673 1635 711 recompensat.

398 767 497 800 XVI.
522 786 563 790 —
588 767 647 799 Sic
671 767 787 810 itaque
811 766 902 800 omni
926 765 1046 798 Sicilia
1069 775 1133 808 pro
1157 765 1256 798 libitu
1278 776 1340 799 suo
1364 767 1540 809 sapienter
1563 768 1764 811 composita,
1794 779 1920 808 comes,
1952 769 2156 803 militaribus

310 821 622 854 exercitationibus
644 825 811 859 assuetus,
834 819 960 862 quietis
983 819 1178 862 impatiens,
1202 819 1329 852 laboris
1352 824 1530 862 appetens,
1555 820 1659 853 lucris
1693 821 1840 861 inhians,
1872 832 1998 865 corpus
2028 821 2072 855 ab
2101 833 2157 855 as-

309 875 412 908 suetis
437 871 611 907 exercitiis
633 874 772 906 minime
798 874 1005 906 desuescere
1028 883 1150 915 passus
1174 879 1243 911 est;
1267 874 1329 906 sed
1353 884 1441 917 quae
1457 874 1684 908 transmarina
1695 885 1804 919 regna
1818 875 1929 918 prima
1943 875 2154 919 potissimum
2185 877 2224 908 10
2271 879 2274 882 ’

310 928 374 961 sibi
398 929 614 973 subjuganda
639 934 769 961 attento
793 928 910 960 animo
932 927 1007 972 jugi
1032 926 1257 960 meditatione
1281 933 1417 960 tractat.
1465 928 1566 961 Unde
1592 934 1626 960 et
1648 927 1806 961 Melitam
1830 929 1974 961 insulam
2010 941 2030 962 a
2064 930 2157 962 refe·
2275 925 2276 928 '

310 982 464 1016 rentibus
486 982 690 1030 viciniorem
715 981 863 1014 caeteris
885 980 951 1013 sibi
974 990 1200 1025 cognoscens,
1225 981 1378 1020 classem,
1403 992 1471 1025 qua
1495 992 1573 1014 eam
1596 987 1753 1021 attentet,
1778 982 1977 1016 accelerare
1993 983 2154 1026 imperat:

309 1035 474 1068 militibus
496 1036 576 1075 suis,
600 1041 638 1068 ut
661 1046 697 1067 se
723 1034 767 1067 ad
790 1034 826 1067 id
849 1035 1008 1067 exercitii
1032 1040 1210 1077 appetent,
1233 1035 1481 1078 praecipiendo
1505 1035 1697 1069 denuntiat.

396 1090 486 1122 Dum
510 1089 579 1122 ista
600 1094 778 1133 geruntur,
802 1087 994 1121 Mainerius
1017 1087 1061 1121 de
1086 1088 1273 1121 Gereatis*
1299 1099 1320 1120 a
1345 1089 1483 1128 comite,
1506 1095 1543 1122 ut
1566 1088 1633 1122 sibi
1658 1089 1808 1122 locutum
1834 1090 1959 1129 veniat,
1982 1090 2156 1129 invitatus,

310 1143 481 1176 accedere
506 1142 639 1181 differt,
664 1153 742 1174 cum
766 1141 997 1185 arrogatione,
1020 1147 1204 1184 praesente
1227 1142 1342 1174 adhuc
1366 1142 1480 1185 legato
1505 1143 1651 1182 comitis,
1673 1144 1898 1186 respondens,
1915 1154 1951 1176 se
1967 1153 2153 1187 numquam
2179 1142 2216 1176 15
2270 1174 2272 1178 ,

309 1198 431 1239 ipsum,
454 1197 520 1229 nisi
543 1201 581 1228 ut
604 1196 779 1234 damnum,
802 1195 828 1226 si
853 1195 971 1237 possit,
988 1195 1128 1234 inferat,
1145 1196 1256 1228 visum
1273 1195 1374 1228 velle.
1423 1194 1530 1233 Quod
1547 1217 1587 1222 —
1612 1196 1788 1229 referente
1805 1197 1930 1241 legato,
1954 1197 2013 1240 qui
2036 1196 2157 1229 missus

310 1252 423 1283 fuerat
448 1269 488 1273 —
513 1259 630 1283 comes
653 1248 808 1288 audiens,
837 1248 1022 1291 plurimum
1047 1248 1256 1292 indignatus,
1281 1249 1427 1282 festinus
1457 1250 1544 1282 mari
1567 1255 1788 1289 transmeato,
1811 1261 1832 1282 a
1855 1249 1973 1283 Sicilia
1996 1251 2032 1282 in
2057 1249 2158 1284 Cala-

310 1304 417 1336 briam
442 1303 550 1336 venit:
575 1303 715 1335 Petrum
739 1302 1013 1340 Mortonensem,
1037 1301 1093 1335 cui
1115 1303 1210 1335 vices
1233 1313 1311 1335 suas
1334 1303 1516 1345 plurimum
1541 1304 1760 1336 commiserat
1779 1304 2011 1346 exequendas,
2033 1309 2072 1337 ut
2092 1314 2158 1347 per

314 1357 466 1390 Siciliam
489 1357 681 1390 exercitum
708 1366 930 1389 commovens
952 1361 1032 1398 post
1054 1365 1090 1387 se
1115 1355 1299 1393 acceleret,
1314 1355 1425 1388 mittit.
1474 1354 1544 1393 Qui
1560 1357 1751 1399 prudenter
1765 1356 1937 1400 injuncta‘
1961 1355 2158 1399 perficiens,
2271 1393 2274 1395 Α

310 1411 402 1442 infra
418 1417 498 1443 octo
514 1410 591 1443 dies
614 1409 657 1443 ab
681 1409 777 1442 omni
801 1409 920 1442 Sicilia
942 1409 1086 1452 copioso
1110 1409 1263 1442 exercitu
1287 1414 1512 1453 congregato,
1528 1420 1645 1442 mense
1662 1410 1744 1454 maji
1759 1411 1806 1443 ad
1823 1409 1984 1442 comitem
2001 1410 2155 1443 adduxit.
2179 1411 2224 1443 20
2262 1416 2263 1419 ’

309 1463 438 1507 Sicque
461 1473 579 1496 comes
601 1473 720 1495 versus
744 1463 943 1496 Gerentiam
967 1463 1176 1501 accelerans,
1201 1469 1351 1495 castrum
1374 1463 1520 1496 terribili
1543 1463 1725 1496 obsidione
1749 1463 1903 1496 vallavit.

399 1518 481 1557 Qua
503 1518 547 1550 de
570 1528 608 1549 re
631 1516 823 1550 Mainerius
837 1517 986 1556 territus,
1002 1527 1040 1549 se
1056 1517 1157 1550 stulte
1174 1522 1209 1549 et
1224 1517 1350 1549 fecisse
1366 1522 1401 1550 et
1417 1516 1570 1549 locutum
1586 1517 1693 1549 fuisse
1710 1527 1935 1560 cognoscens,
1951 1516 2098 1560 supplex
2113 1517 2158 1549 ad

312 1570 602 1604 'misericordiam
626 1570 765 1604 comitis
787 1570 898 1604 venit:
922 1580 1040 1614 equos,
1063 1571 1186 1611 mulos,
1201 1571 1383 1604 thesauros
1399 1576 1433 1603 et
1450 1570 1577 1611 omnia,
1593 1580 1682 1614 quae
1696 1570 1859 1610 habebat,
1877 1571 2013 1603 veniam
2025 1575 2160 1614 petens,

309 1626 345 1657 in
367 1625 441 1657 eius
465 1624 694 1667 dispositione
719 1624 828 1667 ponit.
875 1624 1000 1657 Comes
1023 1635 1127 1667 super
1149 1624 1201 1662 iis,
1226 1634 1313 1667 quae
1338 1624 1483 1664 fecerat,
1507 1635 1585 1656 eum
1609 1624 1789 1666 poenitere
1813 1624 1947 1665 videns,
1969 1629 2008 1657 ut
2022 1634 2159 1667 semper

310 1679 360 1722 pii
382 1677 512 1718 cordis,
537 1677 650 1710 omnia
672 1677 894 1719 condonavit,
920 1684 1068 1720 excepto
1093 1678 1187 1721 quod
1211 1696 1252 1700 —
1275 1677 1372 1720 quasi
1395 1687 1459 1720 pro
1483 1676 1668 1721 disciplina
1682 1678 1898 1721 potiusquam
1915 1677 2099 1710 ambitione
2115 1695 2157 1701 -
2181 1675 2222 1709 25

311 1732 406 1764 mille
431 1742 555 1765 aureos
578 1731 710 1764 solidos
733 1731 777 1763 de
802 1741 864 1764 suo
888 1731 1035 1774 accepit,
1057 1736 1096 1763 ut
1119 1741 1196 1763 eum
1220 1741 1241 1762 a
1264 1730 1324 1763 tali
1347 1731 1626 1773 praesumptione
1649 1731 1792 1764 ulterius
1816 1734 1988 1764 coerceat.

404 1786 532 1829 Sicque
556 1796 619 1828 per
641 1785 749 1817 ardua
771 1784 1003 1829 adjacentium
1034 1784 1201 1818 montium
1232 1784 1334 1817 inde'
1366 1783 1579 1827 digrediens,
1611 1784 1808 1818 Cusentium
1837 1784 1942 1817 venit.
1990 1784 2046 1823 Et,
2078 1784 2158 1828 quia

311 1839 447 1872 incolae
469 1839 672 1882 provinciae
695 1838 790 1871 illius
821 1838 905 1871 duci
934 1837 1212 1877 recalcitrabant,
1235 1837 1351 1871 triduo
1374 1837 1492 1870 vineta
1514 1844 1549 1870 et
1570 1837 1697 1870 oliveta
1720 1847 1837 1871 eorum
1860 1837 2045 1880 extirpans,
2075 1836 2158 1870 inde

309 1893 451 1926 Aratam
476 1892 627 1931 secessit,
650 1891 711 1925 ubi
733 1902 812 1925 cum
836 1891 905 1924 suis
928 1891 1111 1924 consilium
1136 1897 1291 1934 captans,
1316 1890 1507 1924 exercitum
1523 1890 1621 1924 brevi
1636 1895 1792 1934 tempore
1809 1890 1923 1929 solvit,
1939 1890 2160 1934 praecipiens
2254 1928 2258 1933 v

311 1952 348 1978 ut
370 1947 605 1990 unusquisque
621 1956 658 1978 se
677 1944 722 1978 ad
733 1944 991 1988 expeditionem
1002 1955 1123 1977 versus
1137 1943 1295 1977 Melitam
1308 1945 1402 1977 domi
1415 1950 1568 1987 aptatum
1584 1944 1737 1983 recedat,
1753 1944 1899 1976 termino
1913 1949 2045 1976 tantum
2061 1943 2159 1987 quin·
2183 1944 2224 1976 30
2258 1938 2262 1939 ’

311 2000 425 2033 decim
448 2000 583 2033 dierum
606 1999 823 2042 interposito,
849 2008 918 2042 quo
940 1997 1006 2031 sibi
1029 1998 1122 2041 apud
1145 1997 1416 2031 Resacrambam
1429 1997 1442 2014 ¹
1466 2016 1507 2020 —
1530 1997 1612 2030 illuc
1638 1997 1727 2030 enim
1752 1997 1898 2031 classem
1915 2007 2011 2030 suam
2028 2006 2157 2031 conve-

311 2053 385 2086 nire
408 2053 544 2085 fecerat
567 2070 609 2075 —
632 2051 727 2086 obvii
749 2052 842 2084 fiant.
888 2051 1014 2084 Portus
1036 2056 1151 2084 autem
1173 2051 1243 2083 iam
1267 2050 1382 2084 dictus
1404 2056 1526 2083 natura
1549 2061 1570 2082 a
1593 2049 1737 2083 caeteris
1760 2049 1892 2088 differt,
1915 2050 1964 2083 ita
1975 2056 2025 2090 ut,
2039 2050 2070 2083 si
2084 2049 2160 2093 quis

313 2105 548 2150 experientiae
570 2116 674 2139 causa
697 2115 844 2138 cannam
867 2105 924 2138 vel
946 2104 1080 2149 aliquid
1103 2115 1295 2138 concavum
1319 2103 1437 2138 cubito
1459 2114 1528 2136 uno
1551 2103 1730 2146 accipiens
1752 2114 1774 2136 a
1796 2103 1874 2146 ripa
1888 2104 1926 2136 in
1942 2102 2029 2136 mari
2044 2108 2159 2136 terrae

309 2166 411 2192 tenus
432 2159 548 2203 palmo
571 2157 808 2192 tantummodo
830 2158 1081 2201 profunditatis
1103 2158 1197 2202 figat,
1221 2163 1336 2191 tantae
1362 2157 1600 2201 longitudinis,
1622 2163 1660 2190 ut
1684 2157 1833 2200 desuper
1861 2155 1973 2190 undas
2003 2165 2159 2190 concava

310 2213 499 2253 summitas,
522 2218 687 2256 quantum
710 2211 815 2250 volet,
839 2212 994 2256 attingat,
1017 2217 1089 2245 tum
1111 2221 1207 2245 mare
1230 2212 1452 2245 salsissimum
1475 2211 1531 2251 sit,
1554 2210 1769 2244 dulcissimas
1791 2216 1827 2243 et
1853 2210 2024 2253 potabiles
2052 2219 2160 2254 aquas
2182 2209 2224 2242 35
2242 2210 2254 2223 ”

310 2278 374 2310 per
397 2266 650 2300 concavitatem
673 2265 710 2298 in
733 2265 838 2298 altum
861 2265 1006 2298 ebullire
1029 2265 1160 2299 videas.
1206 2265 1275 2298 Hic
1300 2265 1357 2298 die
1387 2260 1583 2304 terminato,
1607 2263 1650 2297 ab
1673 2264 1765 2297 omni
1789 2263 1911 2297 Sicilia
1934 2270 1969 2297 et
1998 2262 2161 2298 Calabria
2250 2259 2251 2262 ’

313 2320 460 2363 plurimo
483 2318 638 2352 exercitu
659 2317 745 2362 julio
767 2328 884 2351 mense
908 2318 1068 2359 conflato,
1092 2319 1243 2362 quodam
1267 2328 1413 2362 vespere
1437 2328 1553 2351 comes
1576 2327 1682 2350 naves
1705 2317 1845 2362 ingredi
1867 2316 2049 2350 accelerat.

400 2372 512 2406 Porro
536 2371 719 2415 Jordanus,
741 2371 829 2404 filius
851 2371 998 2414 comitis,
1021 2372 1104 2405 dum
1127 2372 1246 2405 classis
1269 2377 1417 2414 aptatur,
1441 2381 1578 2413 semper
1593 2371 1771 2413 suspicans
1795 2375 1878 2409 erat,
1902 2369 2062 2403 comitem
2085 2369 2164 2413 qui-'

313 2428 392 2460 dem
414 2436 532 2460 versus
554 2425 711 2458 Melitam
733 2435 803 2458 non
826 2425 964 2464 iturum,
987 2426 1051 2459 sed
1072 2425 1149 2464 sibi,
1172 2431 1210 2458 ut
1230 2425 1306 2468 ipse
1335 2424 1528 2458 exercitum
1559 2424 1714 2457 illorsum
1744 2423 1968 2461 conduceret,
1999 2423 2162 2456 commis-

312 2491 438 2514 surum.
484 2478 611 2513 Comes
633 2483 749 2511 autem
773 2478 810 2511 in
832 2479 908 2521 ipso
931 2479 1089 2523 ingressu
1111 2478 1250 2512 navium
1273 2477 1437 2511 arcessito
1460 2477 1608 2520 imperat
1630 2482 1667 2509 ut
1682 2487 1761 2509 cum
1777 2476 1978 2520 designatis,
1993 2485 2080 2520 quos
2095 2475 2161 2509 sibi
2184 2474 2226 2508 4⁰
2244 2479 2255 2500 -³
2299 2465 2305 2485 Ἐ

312 2533 494 2576 placuerit,
516 2532 670 2566 Siciliam
692 2537 916 2574 procuratum
938 2538 1132 2570 remaneat;
1157 2532 1278 2565 urbem
1313 2530 1441 2564 nullam
1465 2531 1522 2563 vel
1544 2535 1691 2563 castrum
1715 2530 1863 2573 ingredi,
1886 2530 2001 2563 donec
2033 2529 2109 2572 ipse
2140 2539 2161 2561 a

313 2586 438 2620 Melita
459 2591 663 2623 revertatur,
688 2590 902 2627 praesumam
925 2584 988 2616 sed
1010 2585 1045 2616 in
1068 2585 1227 2618 tentoriis
1250 2584 1421 2624 habitans,
1444 2584 1652 2626 ubicumque
1676 2594 1739 2625 per
1763 2583 1917 2616 Siciliam
1941 2583 1986 2615 ad
2016 2592 2159 2616 succur-

404 2703 456 2735 6-7.
476 2703 666 2735 quosdam...
677 2719 684 2727 .
703 2701 841 2734 quosdam
859 2701 888 2726 D
905 2714 938 2720 -
958 2701 983 2726 8.
1002 2699 1059 2734 Sic]
1077 2701 1130 2726 Hic
1154 2702 1177 2726 C
1194 2715 1226 2720 —
1245 2709 1270 2734 9.
1289 2699 1548 2735 esen-citationibus]
1568 2701 1713 2726 exercitiis
1731 2701 1759 2726 P
1770 2714 1802 2719 —
1818 2707 1859 2725 ιο.
1872 2700 1995 2732 prImum
2008 2699 2160 2732 potissime

316 2746 344 2770 D
356 2759 389 2764 —
410 2752 450 2770 11.
469 2745 589 2770 Multam
606 2745 635 2770 D
653 2757 687 2763 —
709 2750 750 2776 14,
767 2743 925 2768 Mataei-ius
945 2742 1063 2768 Gerentl
1080 2743 1109 2768 P
1125 2757 1157 2762 —
1179 2743 1219 2769 16.
1238 2745 1263 2768 si
1275 2763 1280 2769 .
1356 2743 1440 2776 velle]
1461 2744 1514 2768 sibl
1534 2743 1642 2767 inferre
1655 2744 1750 2774 posset
1764 2742 1792 2766 D
1806 2755 1834 2760 ·-
1854 2741 1895 2767 18.
1914 2740 2092 2774 exequendas
2109 2748 2157 2766 m.

316 2787 377 2813 Pc
394 2802 424 2806 —
445 2793 488 2812 20.
507 2794 600 2812 mense
619 2784 698 2820 maji]
718 2787 750 2810 ln
769 2785 846 2819 Msjo
865 2785 905 2814 P;
924 2785 956 2809 in
975 2786 1059 2818 prato
1078 2785 1169 2819 Magji
1191 2785 1214 2809 C
1226 2799 1258 2803 -—
1279 2792 1321 2810 22.
1341 2786 1429 2811 fuisse
1447 2792 1495 2810 om.
1515 2785 1543 2810 Ρ
1559 2798 1592 2803 —-
1612 2791 1655 2816 24.
1674 2784 1718 2809 his
1737 2784 1765 2810 P
1782 2798 1815 2803 -
1835 2783 1876 2808 26.
1896 2784 2075 2809 ulteriusoss.
2087 2782 2159 2808 P·-

320 2829 362 2854 28.
375 2831 474 2854 vlneas
486 2830 514 2854 D
526 2830 559 2848 -ὲ-
579 2835 622 2861 29.
641 2829 671 2853 in
688 2828 767 2853 brevi
787 2828 817 2852 D
836 2840 869 2846 -
887 2833 931 2859 30.
950 2834 1040 2852 seom-
1060 2827 1087 2851 P
1104 2840 1114 2845 -
1131 2829 1244 2852 tantum
1262 2836 1311 2854 om.
1330 2829 1391 2854 PC
1411 2842 1441 2847 —
1461 2834 1505 2860 31.
1523 2824 1750 2860 Resacrambam]
1769 2826 1933 2852 Restambat
1953 2826 1982 2850 D
2001 2839 2032 2844 —
2047 2831 2089 2859 32.
2102 2825 2159 2860 ᾔει-ιι
2249 2843 2252 2855 ;

319 2870 432 2904 natura]
450 2872 481 2896 in
500 2871 653 2896 ariditatae
673 2872 790 2896 naturae
801 2870 830 2896 P
841 2869 864 2893 C
875 2882 907 2888 —
920 2875 962 2902 33.
977 2869 1118 2900 accipiens
1131 2869 1227 2894 cubita
1240 2869 1298 2894 duo
1312 2870 1338 2895 Ρ
1349 2884 1381 2888 —-
1395 2869 1438 2901 36.
1451 2870 1551 2894 vident
1564 2870 1591 2894 P
1603 2883 1631 2887 —
1643 2874 1684 2901 37.
1699 2868 1814 2901 aggredi
1827 2869 1855 2894 P
1865 2869 1888 2893 C
1904 2881 1936 2886 -—
1950 2867 1991 2899 38.
2006 2865 2083 2901 dum]
2097 2874 2159 2892 cum
2196 2871 2210 2898 5
2299 2865 2300 2868 ’

319 2913 347 2937 P
363 2925 373 2931 -
393 2913 589 2946 suspicabatur
607 2914 636 2938 D
2247 2910 2250 2915 “
2297 2914 2299 2927 1

408 3013 415 3029 ¹
435 3014 584 3044 Acerenza,
605 3015 634 3039 ln
654 3021 735 3048 prov.
755 3014 785 3039 dl
804 3013 937 3038 Potenza.
1371 3012 1382 3029 ²
1401 3012 1481 3047 Cspo
1502 3013 1668 3038 Scalambri.
