<?xml version="1.0" encoding="UTF-8"?>
<!DOCTYPE html PUBLIC "-//W3C//DTD XHTML 1.0 Transitional//EN"
    "http://www.w3.org/TR/xhtml1/DTD/xhtml1-transitional.dtd">
<html xmlns="http://www.w3.org/1999/xhtml" xml:lang="en" lang="en">
 <head>
  <title>
</title>
<meta http-equiv="Content-Type" content="text/html;charset=utf-8" />
  <meta name='ocr-system' content='tesseract 3.04.00' />
  <meta name='ocr-capabilities' content='ocr_page ocr_carea ocr_par ocr_line ocrx_word'/>
</head>
<body>
  <div class='ocr_page' id='page_1' title='image "./rerumitalicarums51murauoft_0085.png"; bbox 0 0 2320 3424; ppageno 0'>
   <div class='ocr_carea' id='block_1_1' title="bbox 129 302 1985 386">
    <p class='ocr_par' dir='ltr' id='par_1_1' title="bbox 129 302 1985 386">
     <span class='ocr_line' id='line_1_1' title="bbox 129 302 1985 338; baseline -0.001 -11"><span class='ocrx_word' id='word_1_1' title='bbox 129 303 333 328; x_wconf 79' lang='lat' dir='ltr'><strong>constitutum:</strong></span> <span class='ocrx_word' id='word_1_2' title='bbox 354 302 425 327; x_wconf 88' lang='lat' dir='ltr'><strong>adeo</strong></span> <span class='ocrx_word' id='word_1_3' title='bbox 445 303 517 328; x_wconf 77' lang='lat' dir='ltr'><strong>mihi</strong></span> <span class='ocrx_word' id='word_1_4' title='bbox 530 310 646 336; x_wconf 87' lang='lat' dir='ltr'><strong>prorsus</strong></span> <span class='ocrx_word' id='word_1_5' title='bbox 665 311 828 336; x_wconf 84' lang='lat' dir='ltr'><strong>persuasum</strong></span> <span class='ocrx_word' id='word_1_6' title='bbox 846 305 890 329; x_wconf 86' lang='lat' dir='ltr'><strong>est</strong></span> <span class='ocrx_word' id='word_1_7' title='bbox 908 304 1058 329; x_wconf 85' lang='lat' dir='ltr'><strong>verborum</strong></span> <span class='ocrx_word' id='word_1_8' title='bbox 1078 305 1218 338; x_wconf 80' lang='lat' dir='ltr'><strong>jacturam</strong></span> <span class='ocrx_word' id='word_1_9' title='bbox 1238 303 1415 329; x_wconf 82' lang='lat' dir='ltr'>tolerabilem</span> <span class='ocrx_word' id='word_1_10' title='bbox 1435 310 1502 332; x_wconf 83' lang='lat' dir='ltr'><strong>esse,</strong></span> <span class='ocrx_word' id='word_1_11' title='bbox 1517 303 1696 336; x_wconf 81' lang='lat' dir='ltr'><strong>cognitionis</strong></span> <span class='ocrx_word' id='word_1_12' title='bbox 1717 310 1785 327; x_wconf 88' lang='lat' dir='ltr'><strong>vero</strong></span> <span class='ocrx_word' id='word_1_13' title='bbox 1805 309 1907 331; x_wconf 87' lang='lat' dir='ltr'><strong>rerum,</strong></span> <span class='ocrx_word' id='word_1_14' title='bbox 1921 309 1985 326; x_wconf 83' lang='lat' dir='ltr'><strong>cau-</strong></span> 
     </span>
     <span class='ocr_line' id='line_1_2' title="bbox 129 352 1985 386; baseline -0.001 -10"><span class='ocrx_word' id='word_1_15' title='bbox 129 358 223 377; x_wconf 82' lang='lat' dir='ltr'><strong>sarum</strong></span> <span class='ocrx_word' id='word_1_16' title='bbox 239 353 269 377; x_wconf 90' lang='lat' dir='ltr'><strong>et</strong></span> <span class='ocrx_word' id='word_1_17' title='bbox 286 353 456 377; x_wconf 80' lang='lat' dir='ltr'><strong>eventorum</strong></span> <span class='ocrx_word' id='word_1_18' title='bbox 475 353 725 378; x_wconf 75' lang='lat' dir='ltr'><strong>inaestimabilem.</strong></span> <span class='ocrx_word' id='word_1_19' title='bbox 762 353 947 386; x_wconf 81' lang='lat' dir='ltr'>Perspicuum</span> <span class='ocrx_word' id='word_1_20' title='bbox 965 354 1043 378; x_wconf 89' lang='lat' dir='ltr'><strong>enim</strong></span> <span class='ocrx_word' id='word_1_21' title='bbox 1063 354 1118 378; x_wconf 89' lang='lat' dir='ltr'><strong>hoc</strong></span> <span class='ocrx_word' id='word_1_22' title='bbox 1137 355 1190 383; x_wconf 82' lang='lat' dir='ltr'><strong>est,</strong></span> <span class='ocrx_word' id='word_1_23' title='bbox 1215 355 1244 378; x_wconf 88' lang='lat' dir='ltr'><strong>et</strong></span> <span class='ocrx_word' id='word_1_24' title='bbox 1270 354 1300 378; x_wconf 92' lang='lat' dir='ltr'><strong>in</strong></span> <span class='ocrx_word' id='word_1_25' title='bbox 1325 353 1439 386; x_wconf 80' lang='lat' dir='ltr'><strong>vulgari</strong></span> <span class='ocrx_word' id='word_1_26' title='bbox 1466 352 1620 386; x_wconf 84' lang='lat' dir='ltr'><strong>prudentia</strong></span> <span class='ocrx_word' id='word_1_27' title='bbox 1646 352 1742 384; x_wconf 84' lang='lat' dir='ltr'><strong>situm,</strong></span> <span class='ocrx_word' id='word_1_28' title='bbox 1770 352 1931 384; x_wconf 86' lang='lat' dir='ltr'>principem</span> <span class='ocrx_word' id='word_1_29' title='bbox 1957 355 1985 375; x_wconf 88' lang='lat' dir='ltr'><strong>et</strong></span> 
     </span>
    </p>
   </div>
   <div class='ocr_carea' id='block_1_2' title="bbox 67 400 1985 487">
    <p class='ocr_par' dir='ltr' id='par_1_2' title="bbox 67 400 1985 487">
     <span class='ocr_line' id='line_1_3' title="bbox 67 400 1984 436; baseline -0.001 -9"><span class='ocrx_word' id='word_1_30' title='bbox 67 403 79 427; x_wconf 72' lang='grc' dir='ltr'><em>Γ</em></span> <span class='ocrx_word' id='word_1_31' title='bbox 128 401 294 434; x_wconf 81' lang='lat' dir='ltr'><strong>primariam</strong></span> <span class='ocrx_word' id='word_1_32' title='bbox 312 407 372 426; x_wconf 81' lang='lat' dir='ltr'><strong>esse</strong></span> <span class='ocrx_word' id='word_1_33' title='bbox 391 400 474 426; x_wconf 80' lang='lat' dir='ltr'><strong>illam</strong></span> <span class='ocrx_word' id='word_1_34' title='bbox 493 402 675 435; x_wconf 73' lang='lat' dir='ltr'><strong>sapientiam,</strong></span> <span class='ocrx_word' id='word_1_35' title='bbox 693 409 749 434; x_wconf 79' lang='lat' dir='ltr'><strong>qua</strong></span> <span class='ocrx_word' id='word_1_36' title='bbox 767 403 876 436; x_wconf 75' lang='lat' dir='ltr'><strong>majore</strong></span> <span class='ocrx_word' id='word_1_37' title='bbox 894 403 1044 435; x_wconf 84' lang='lat' dir='ltr'><strong>voluptate</strong></span> <span class='ocrx_word' id='word_1_38' title='bbox 1063 403 1200 428; x_wconf 81' lang='lat' dir='ltr'><strong>afficimur</strong></span> <span class='ocrx_word' id='word_1_39' title='bbox 1218 410 1254 427; x_wconf 89' lang='lat' dir='ltr'><strong>ex</strong></span> <span class='ocrx_word' id='word_1_40' title='bbox 1272 409 1364 427; x_wconf 86' lang='lat' dir='ltr'><strong>rerum</strong></span> <span class='ocrx_word' id='word_1_41' title='bbox 1385 403 1512 435; x_wconf 85' lang='lat' dir='ltr'><strong>ipsarum</strong></span> <span class='ocrx_word' id='word_1_42' title='bbox 1531 402 1662 432; x_wconf 81' lang='lat' dir='ltr'><strong>scientIa,</strong></span> <span class='ocrx_word' id='word_1_43' title='bbox 1682 401 1728 426; x_wconf 90' lang='lat' dir='ltr'><strong>vel</strong></span> <span class='ocrx_word' id='word_1_44' title='bbox 1746 401 1890 426; x_wconf 83' lang='lat' dir='ltr'><strong>vilissima</strong></span> <span class='ocrx_word' id='word_1_45' title='bbox 1909 408 1984 426; x_wconf 90' lang='lat' dir='ltr'><strong>com-</strong></span> 
     </span>
     <span class='ocr_line' id='line_1_4' title="bbox 72 450 1985 487; baseline -0.001 -11.002"><span class='ocrx_word' id='word_1_46' title='bbox 72 484 74 487; x_wconf 24' lang='lat' dir='ltr'>v</span> <span class='ocrx_word' id='word_1_47' title='bbox 127 450 277 483; x_wconf 80' lang='lat' dir='ltr'><strong>posltione</strong></span> <span class='ocrx_word' id='word_1_48' title='bbox 296 450 477 480; x_wconf 82' lang='lat' dir='ltr'><strong>tradltarum,</strong></span> <span class='ocrx_word' id='word_1_49' title='bbox 496 458 566 483; x_wconf 81' lang='lat' dir='ltr'><strong>quas</strong></span> <span class='ocrx_word' id='word_1_50' title='bbox 585 451 616 476; x_wconf 87' lang='lat' dir='ltr'><strong>in</strong></span> <span class='ocrx_word' id='word_1_51' title='bbox 635 452 742 477; x_wconf 84' lang='lat' dir='ltr'><strong>animls</strong></span> <span class='ocrx_word' id='word_1_52' title='bbox 762 453 866 477; x_wconf 82' lang='lat' dir='ltr'><strong>insitas</strong></span> <span class='ocrx_word' id='word_1_53' title='bbox 884 453 913 477; x_wconf 90' lang='lat' dir='ltr'><strong>et</strong></span> <span class='ocrx_word' id='word_1_54' title='bbox 931 453 1013 484; x_wconf 86' lang='lat' dir='ltr'><strong>quasi</strong></span> <span class='ocrx_word' id='word_1_55' title='bbox 1033 453 1220 485; x_wconf 81' lang='lat' dir='ltr'><strong>consignatas</strong></span> <span class='ocrx_word' id='word_1_56' title='bbox 1240 452 1374 477; x_wconf 85' lang='lat' dir='ltr'><strong>notiones</strong></span> <span class='ocrx_word' id='word_1_57' title='bbox 1392 451 1542 476; x_wconf 76' lang='lat' dir='ltr'><strong>Inhaerere</strong></span> <span class='ocrx_word' id='word_1_58' title='bbox 1569 452 1694 484; x_wconf 83' lang='lat' dir='ltr'>oportet,</span> <span class='ocrx_word' id='word_1_59' title='bbox 1719 458 1803 485; x_wconf 88' lang='lat' dir='ltr'><strong>quam</strong></span> <span class='ocrx_word' id='word_1_60' title='bbox 1829 457 1865 475; x_wconf 87' lang='lat' dir='ltr'><strong>ex</strong></span> <span class='ocrx_word' id='word_1_61' title='bbox 1889 457 1985 483; x_wconf 83' lang='lat' dir='ltr'><strong>super-</strong></span> 
     </span>
    </p>
   </div>
   <div class='ocr_carea' id='block_1_3' title="bbox 127 499 1987 582">
    <p class='ocr_par' dir='ltr' id='par_1_3' title="bbox 127 499 1987 582">
     <span class='ocr_line' id='line_1_5' title="bbox 130 499 1987 534; baseline 0.001 -10"><span class='ocrx_word' id='word_1_62' title='bbox 130 505 254 525; x_wconf 83' lang='lat' dir='ltr'><strong>vacanea</strong></span> <span class='ocrx_word' id='word_1_63' title='bbox 271 500 300 525; x_wconf 86' lang='lat' dir='ltr'><strong>et</strong></span> <span class='ocrx_word' id='word_1_64' title='bbox 319 499 460 525; x_wconf 82' lang='lat' dir='ltr'><strong>diffluenti</strong></span> <span class='ocrx_word' id='word_1_65' title='bbox 478 501 627 526; x_wconf 76' lang='lat' dir='ltr'><strong>oratIone:</strong></span> <span class='ocrx_word' id='word_1_66' title='bbox 647 508 711 526; x_wconf 84' lang='lat' dir='ltr'><strong>cum</strong></span> <span class='ocrx_word' id='word_1_67' title='bbox 729 501 896 534; x_wconf 82' lang='lat' dir='ltr'><strong>praesertim</strong></span> <span class='ocrx_word' id='word_1_68' title='bbox 915 509 975 526; x_wconf 85' lang='lat' dir='ltr'><strong>eam</strong></span> <span class='ocrx_word' id='word_1_69' title='bbox 996 502 1119 527; x_wconf 77' lang='lat' dir='ltr'><strong>maxime</strong></span> <span class='ocrx_word' id='word_1_70' title='bbox 1137 509 1173 526; x_wconf 88' lang='lat' dir='ltr'><strong>ex</strong></span> <span class='ocrx_word' id='word_1_71' title='bbox 1186 509 1278 526; x_wconf 85' lang='lat' dir='ltr'><strong>rerum</strong></span> <span class='ocrx_word' id='word_1_72' title='bbox 1293 503 1419 534; x_wconf 83' lang='lat' dir='ltr'><strong>ipsarum</strong></span> <span class='ocrx_word' id='word_1_73' title='bbox 1433 501 1592 526; x_wconf 76' lang='lat' dir='ltr'><strong>traditione</strong></span> <span class='ocrx_word' id='word_1_74' title='bbox 1605 501 1775 526; x_wconf 80' lang='lat' dir='ltr'><strong>efflorescere</strong></span> <span class='ocrx_word' id='word_1_75' title='bbox 1787 502 1815 526; x_wconf 82' lang='lat' dir='ltr'><strong>et</strong></span> <span class='ocrx_word' id='word_1_76' title='bbox 1828 499 1987 525; x_wconf 84' lang='lat' dir='ltr'><strong>redundare</strong></span> 
     </span>
     <span class='ocr_line' id='line_1_6' title="bbox 127 547 1986 582; baseline 0 -8"><span class='ocrx_word' id='word_1_77' title='bbox 127 550 292 574; x_wconf 80' lang='lat' dir='ltr'><strong>conveniat.</strong></span> <span class='ocrx_word' id='word_1_78' title='bbox 330 547 522 577; x_wconf 78' lang='lat' dir='ltr'>Quamobrem</span> <span class='ocrx_word' id='word_1_79' title='bbox 541 557 604 574; x_wconf 89' lang='lat' dir='ltr'><strong>cum</strong></span> <span class='ocrx_word' id='word_1_80' title='bbox 623 549 680 575; x_wconf 81' lang='lat' dir='ltr'><strong>tibi</strong></span> <span class='ocrx_word' id='word_1_81' title='bbox 700 551 731 575; x_wconf 87' lang='lat' dir='ltr'><strong>in</strong></span> <span class='ocrx_word' id='word_1_82' title='bbox 749 551 884 575; x_wconf 82' lang='lat' dir='ltr'><strong>universa</strong></span> <span class='ocrx_word' id='word_1_83' title='bbox 903 557 996 576; x_wconf 84' lang='lat' dir='ltr'><strong>rerum</strong></span> <span class='ocrx_word' id='word_1_84' title='bbox 1015 557 1158 576; x_wconf 79' lang='lat' dir='ltr'><strong>sacrarum</strong></span> <span class='ocrx_word' id='word_1_85' title='bbox 1178 551 1337 580; x_wconf 80' lang='lat' dir='ltr'><strong>functione,</strong></span> <span class='ocrx_word' id='word_1_86' title='bbox 1356 552 1385 576; x_wconf 89' lang='lat' dir='ltr'><strong>et</strong></span> <span class='ocrx_word' id='word_1_87' title='bbox 1404 550 1585 575; x_wconf 76' lang='lat' dir='ltr'><strong>Pontificalis</strong></span> <span class='ocrx_word' id='word_1_88' title='bbox 1610 551 1803 580; x_wconf 70' lang='lat' dir='ltr'>auctoritatis,</span> <span class='ocrx_word' id='word_1_89' title='bbox 1816 551 1845 575; x_wconf 91' lang='lat' dir='ltr'><strong>et</strong></span> <span class='ocrx_word' id='word_1_90' title='bbox 1859 549 1986 582; x_wconf 82' lang='lat' dir='ltr'><strong>reliquae</strong></span> 
     </span>
    </p>
   </div>
   <div class='ocr_carea' id='block_1_4' title="bbox 69 596 1984 633">
    <p class='ocr_par' dir='ltr' id='par_1_4' title="bbox 69 596 1984 633">
     <span class='ocr_line' id='line_1_7' title="bbox 69 596 1984 633; baseline 0.001 -11"><span class='ocrx_word' id='word_1_91' title='bbox 69 596 75 600; x_wconf 82' lang='grc'><strong>“</strong></span> <span class='ocrx_word' id='word_1_92' title='bbox 126 597 341 632; x_wconf 72' lang='lat' dir='ltr'><strong>jurisdictionis</strong></span> <span class='ocrx_word' id='word_1_93' title='bbox 359 598 554 623; x_wconf 76' lang='lat' dir='ltr'>absolvendae</span> <span class='ocrx_word' id='word_1_94' title='bbox 571 601 733 633; x_wconf 79' lang='lat' dir='ltr'><strong>provincia,</strong></span> <span class='ocrx_word' id='word_1_95' title='bbox 752 601 838 632; x_wconf 82' lang='lat' dir='ltr'><strong>atque</strong></span> <span class='ocrx_word' id='word_1_96' title='bbox 858 602 887 624; x_wconf 87' lang='lat' dir='ltr'><strong>in</strong></span> <span class='ocrx_word' id='word_1_97' title='bbox 907 601 990 625; x_wconf 80' lang='lat' dir='ltr'><strong>tanto</strong></span> <span class='ocrx_word' id='word_1_98' title='bbox 1009 600 1103 625; x_wconf 87' lang='lat' dir='ltr'><strong>officio</strong></span> <span class='ocrx_word' id='word_1_99' title='bbox 1124 601 1260 633; x_wconf 81' lang='lat' dir='ltr'><strong>tantoque</strong></span> <span class='ocrx_word' id='word_1_100' title='bbox 1282 607 1397 625; x_wconf 89' lang='lat' dir='ltr'><strong>munere</strong></span> <span class='ocrx_word' id='word_1_101' title='bbox 1410 599 1592 626; x_wconf 86' lang='lat' dir='ltr'><strong>incredibilis</strong></span> <span class='ocrx_word' id='word_1_102' title='bbox 1604 607 1671 624; x_wconf 87' lang='lat' dir='ltr'><strong>cura</strong></span> <span class='ocrx_word' id='word_1_103' title='bbox 1685 607 1839 632; x_wconf 81' lang='lat' dir='ltr'><strong>numquam</strong></span> <span class='ocrx_word' id='word_1_104' title='bbox 1852 599 1984 628; x_wconf 73' lang='lat' dir='ltr'><strong>desum-lt,</strong></span> 
     </span>
    </p>
   </div>
   <div class='ocr_carea' id='block_1_5' title="bbox 127 646 1985 682">
    <p class='ocr_par' dir='ltr' id='par_1_5' title="bbox 127 646 1985 682">
     <span class='ocr_line' id='line_1_8' title="bbox 127 646 1985 682; baseline 0.001 -11"><span class='ocrx_word' id='word_1_105' title='bbox 127 647 199 679; x_wconf 82' lang='lat' dir='ltr'><strong>quin</strong></span> <span class='ocrx_word' id='word_1_106' title='bbox 218 646 416 672; x_wconf 78' lang='lat' dir='ltr'><strong>doctrinarum</strong></span> <span class='ocrx_word' id='word_1_107' title='bbox 435 647 574 672; x_wconf 74' lang='lat' dir='ltr'><strong>studiosis</strong></span> <span class='ocrx_word' id='word_1_108' title='bbox 593 648 719 680; x_wconf 87' lang='lat' dir='ltr'><strong>undique</strong></span> <span class='ocrx_word' id='word_1_109' title='bbox 737 649 840 682; x_wconf 80' lang='lat' dir='ltr'><strong>prosis,</strong></span> <span class='ocrx_word' id='word_1_110' title='bbox 860 656 963 682; x_wconf 81' lang='lat' dir='ltr'><strong>magna</strong></span> <span class='ocrx_word' id='word_1_111' title='bbox 981 656 1031 682; x_wconf 85' lang='lat' dir='ltr'><strong>spe</strong></span> <span class='ocrx_word' id='word_1_112' title='bbox 1050 649 1148 681; x_wconf 86' lang='lat' dir='ltr'><strong>ducor,</strong></span> <span class='ocrx_word' id='word_1_113' title='bbox 1169 657 1232 674; x_wconf 90' lang='lat' dir='ltr'><strong>cum</strong></span> <span class='ocrx_word' id='word_1_114' title='bbox 1251 651 1301 674; x_wconf 86' lang='lat' dir='ltr'><strong>tua</strong></span> <span class='ocrx_word' id='word_1_115' title='bbox 1320 656 1430 674; x_wconf 83' lang='lat' dir='ltr'><strong>summa</strong></span> <span class='ocrx_word' id='word_1_116' title='bbox 1448 650 1576 682; x_wconf 80' lang='lat' dir='ltr'><strong>gravitas</strong></span> <span class='ocrx_word' id='word_1_117' title='bbox 1597 655 1662 674; x_wconf 84' lang='lat' dir='ltr'><strong>cum</strong></span> <span class='ocrx_word' id='word_1_118' title='bbox 1682 648 1823 681; x_wconf 78' lang='lat' dir='ltr'><strong>singulari</strong></span> <span class='ocrx_word' id='word_1_119' title='bbox 1849 649 1985 674; x_wconf 83' lang='lat' dir='ltr'><strong>comitate</strong></span> 
     </span>
    </p>
   </div>
   <div class='ocr_carea' id='block_1_6' title="bbox 64 696 1986 977">
    <p class='ocr_par' dir='ltr' id='par_1_6' title="bbox 63 691 1986 977">
     <span class='ocr_line' id='line_1_9' title="bbox 126 696 1985 732; baseline 0.001 -9.968"><span class='ocrx_word' id='word_1_120' title='bbox 126 697 281 731; x_wconf 75' lang='lat' dir='ltr'><strong>conjuncta</strong></span> <span class='ocrx_word' id='word_1_121' title='bbox 299 696 346 726; x_wconf 85' lang='lat' dir='ltr'><strong>sit,</strong></span> <span class='ocrx_word' id='word_1_122' title='bbox 365 698 395 721; x_wconf 91' lang='lat' dir='ltr'><strong>et</strong></span> <span class='ocrx_word' id='word_1_123' title='bbox 413 703 470 730; x_wconf 82' lang='lat' dir='ltr'><strong>qua</strong></span> <span class='ocrx_word' id='word_1_124' title='bbox 488 704 517 722; x_wconf 86' lang='lat' dir='ltr'><strong>es</strong></span> <span class='ocrx_word' id='word_1_125' title='bbox 536 697 658 723; x_wconf 75' lang='lat' dir='ltr'><strong>lenitate</strong></span> <span class='ocrx_word' id='word_1_126' title='bbox 677 699 804 723; x_wconf 87' lang='lat' dir='ltr'><strong>munitus</strong></span> <span class='ocrx_word' id='word_1_127' title='bbox 823 699 976 723; x_wconf 80' lang='lat' dir='ltr'><strong>minImum</strong></span> <span class='ocrx_word' id='word_1_128' title='bbox 994 699 1050 723; x_wconf 86' lang='lat' dir='ltr'><strong>hoc</strong></span> <span class='ocrx_word' id='word_1_129' title='bbox 1068 699 1277 730; x_wconf 84' lang='lat' dir='ltr'><strong>munusculum,</strong></span> <span class='ocrx_word' id='word_1_130' title='bbox 1297 700 1356 723; x_wconf 87' lang='lat' dir='ltr'><strong>acsi</strong></span> <span class='ocrx_word' id='word_1_131' title='bbox 1384 699 1543 731; x_wconf 83' lang='lat' dir='ltr'><strong>insignitae</strong></span> <span class='ocrx_word' id='word_1_132' title='bbox 1568 697 1713 732; x_wconf 84' lang='lat' dir='ltr'><strong>cujusdam</strong></span> <span class='ocrx_word' id='word_1_133' title='bbox 1741 700 1827 723; x_wconf 87' lang='lat' dir='ltr'><strong>notae</strong></span> <span class='ocrx_word' id='word_1_134' title='bbox 1851 699 1932 728; x_wconf 87' lang='lat' dir='ltr'><strong>esset,</strong></span> <span class='ocrx_word' id='word_1_135' title='bbox 1957 700 1985 723; x_wconf 87' lang='lat' dir='ltr'><strong>te</strong></span> 
     </span>
     <span class='ocr_line' id='line_1_10' title="bbox 67 747 1985 781; baseline 0.001 -11"><span class='ocrx_word' id='word_1_136' title='bbox 67 749 92 765; x_wconf 65' lang='grc' dir='ltr'><strong><em>ἰ</em></strong></span> <span class='ocrx_word' id='word_1_137' title='bbox 129 752 188 770; x_wconf 84' lang='lat' dir='ltr'><strong>non</strong></span> <span class='ocrx_word' id='word_1_138' title='bbox 207 747 425 778; x_wconf 69' lang='lat' dir='ltr'><strong>upernaturum</strong></span> <span class='ocrx_word' id='word_1_139' title='bbox 444 748 494 772; x_wconf 80' lang='lat' dir='ltr'><strong>aut</strong></span> <span class='ocrx_word' id='word_1_140' title='bbox 513 747 719 772; x_wconf 82' lang='lat' dir='ltr'><strong>refutaturum:</strong></span> <span class='ocrx_word' id='word_1_141' title='bbox 739 749 762 772; x_wconf 85' lang='lat' dir='ltr'><strong>si</strong></span> <span class='ocrx_word' id='word_1_142' title='bbox 783 747 911 781; x_wconf 84' lang='lat' dir='ltr'><strong>cujusvis</strong></span> <span class='ocrx_word' id='word_1_143' title='bbox 930 747 976 772; x_wconf 90' lang='lat' dir='ltr'><strong>vel</strong></span> <span class='ocrx_word' id='word_1_144' title='bbox 995 748 1180 773; x_wconf 77' lang='lat' dir='ltr'><strong>tenuissimae</strong></span> <span class='ocrx_word' id='word_1_145' title='bbox 1208 747 1348 772; x_wconf 81' lang='lat' dir='ltr'><strong>utilitatis</strong></span> <span class='ocrx_word' id='word_1_146' title='bbox 1372 748 1400 772; x_wconf 85' lang='lat' dir='ltr'><strong>et</strong></span> <span class='ocrx_word' id='word_1_147' title='bbox 1425 747 1612 772; x_wconf 87' lang='lat' dir='ltr'><strong>emolumenti</strong></span> <span class='ocrx_word' id='word_1_148' title='bbox 1639 747 1763 772; x_wconf 79' lang='lat' dir='ltr'><strong>fructum</strong></span> <span class='ocrx_word' id='word_1_149' title='bbox 1791 748 1931 780; x_wconf 86' lang='lat' dir='ltr'><strong>praebere,</strong></span> <span class='ocrx_word' id='word_1_150' title='bbox 1956 749 1985 772; x_wconf 85' lang='lat' dir='ltr'><strong>et</strong></span> 
     </span>
     <span class='ocr_line' id='line_1_11' title="bbox 64 779 1984 833; baseline 0.002 -15"><span class='ocrx_word' id='word_1_151' title='bbox 64 779 86 833; x_wconf 32' lang='grc' dir='ltr'><strong>,ἶ</strong></span> <span class='ocrx_word' id='word_1_152' title='bbox 126 794 303 819; x_wconf 71' lang='lat' dir='ltr'><strong>vetustarum</strong></span> <span class='ocrx_word' id='word_1_153' title='bbox 322 801 415 819; x_wconf 82' lang='lat' dir='ltr'><strong>rerum</strong></span> <span class='ocrx_word' id='word_1_154' title='bbox 434 796 609 824; x_wconf 79' lang='lat' dir='ltr'><strong>memoriam,</strong></span> <span class='ocrx_word' id='word_1_155' title='bbox 628 802 698 828; x_wconf 82' lang='lat' dir='ltr'><strong>quas</strong></span> <span class='ocrx_word' id='word_1_156' title='bbox 717 796 937 829; x_wconf 78' lang='lat' dir='ltr'><strong>diligentissimi</strong></span> <span class='ocrx_word' id='word_1_157' title='bbox 955 796 1142 828; x_wconf 81' lang='lat' dir='ltr'><strong>antiquitatis</strong></span> <span class='ocrx_word' id='word_1_158' title='bbox 1160 796 1383 828; x_wconf 82' lang='lat' dir='ltr'><strong>investigatores</strong></span> <span class='ocrx_word' id='word_1_159' title='bbox 1402 796 1484 820; x_wconf 86' lang='lat' dir='ltr'><strong>omni</strong></span> <span class='ocrx_word' id='word_1_160' title='bbox 1505 796 1696 828; x_wconf 88' lang='lat' dir='ltr'><strong>inquisitione</strong></span> <span class='ocrx_word' id='word_1_161' title='bbox 1716 798 1775 821; x_wconf 90' lang='lat' dir='ltr'><strong>veri</strong></span> <span class='ocrx_word' id='word_1_162' title='bbox 1791 783 1928 830; x_wconf 76' lang='lat' dir='ltr'><strong>indagare</strong></span> <span class='ocrx_word' id='word_1_163' title='bbox 1941 798 1984 821; x_wconf 88' lang='lat' dir='ltr'><strong>ni-</strong></span> 
     </span>
     <span class='ocr_line' id='line_1_12' title="bbox 76 843 1986 879; baseline 0.001 -10.993"><span class='ocrx_word' id='word_1_164' title='bbox 76 854 81 861; x_wconf 83' lang='lat'>=</span> <span class='ocrx_word' id='word_1_165' title='bbox 127 843 236 872; x_wconf 76' lang='lat' dir='ltr'><strong>tantur,</strong></span> <span class='ocrx_word' id='word_1_166' title='bbox 255 845 347 876; x_wconf 85' lang='lat' dir='ltr'><strong>possit</strong></span> <span class='ocrx_word' id='word_1_167' title='bbox 365 844 534 878; x_wconf 80' lang='lat' dir='ltr'><strong>patefacere.</strong></span> <span class='ocrx_word' id='word_1_168' title='bbox 571 844 610 869; x_wconf 89' lang='lat' dir='ltr'><strong>Ut</strong></span> <span class='ocrx_word' id='word_1_169' title='bbox 628 852 677 869; x_wconf 84' lang='lat' dir='ltr'><strong>eos</strong></span> <span class='ocrx_word' id='word_1_170' title='bbox 695 846 790 870; x_wconf 83' lang='lat' dir='ltr'><strong>tamen</strong></span> <span class='ocrx_word' id='word_1_171' title='bbox 811 846 963 878; x_wconf 84' lang='lat' dir='ltr'><strong>scriptores</strong></span> <span class='ocrx_word' id='word_1_172' title='bbox 982 845 1129 870; x_wconf 79' lang='lat' dir='ltr'><strong>indicibus</strong></span> <span class='ocrx_word' id='word_1_173' title='bbox 1148 853 1242 870; x_wconf 89' lang='lat' dir='ltr'><strong>rerum</strong></span> <span class='ocrx_word' id='word_1_174' title='bbox 1256 845 1292 870; x_wconf 85' lang='lat' dir='ltr'><strong>ab</strong></span> <span class='ocrx_word' id='word_1_175' title='bbox 1304 845 1470 879; x_wconf 74' lang='lat' dir='ltr'><strong>Aragoniae</strong></span> <span class='ocrx_word' id='word_1_176' title='bbox 1489 845 1613 878; x_wconf 85' lang='lat' dir='ltr'><strong>Regibus</strong></span> <span class='ocrx_word' id='word_1_177' title='bbox 1625 847 1768 878; x_wconf 81' lang='lat' dir='ltr'><strong>gestarum</strong></span> <span class='ocrx_word' id='word_1_178' title='bbox 1793 845 1986 879; x_wconf 82' lang='lat' dir='ltr'><strong>adjungerem,</strong></span> 
     </span>
     <span class='ocr_line' id='line_1_13' title="bbox 66 893 1984 927; baseline 0.001 -9"><span class='ocrx_word' id='word_1_179' title='bbox 66 910 79 914; x_wconf 80' lang='lat'>-</span> <span class='ocrx_word' id='word_1_180' title='bbox 127 899 160 918; x_wconf 72' lang='lat' dir='ltr'><strong>ea</strong></span> <span class='ocrx_word' id='word_1_181' title='bbox 178 899 223 917; x_wconf 88' lang='lat' dir='ltr'><strong>me</strong></span> <span class='ocrx_word' id='word_1_182' title='bbox 242 894 318 918; x_wconf 77' lang='lat' dir='ltr'><strong>ratio</strong></span> <span class='ocrx_word' id='word_1_183' title='bbox 337 895 366 918; x_wconf 86' lang='lat' dir='ltr'><strong>et</strong></span> <span class='ocrx_word' id='word_1_184' title='bbox 384 893 538 918; x_wconf 82' lang='lat' dir='ltr'><strong>consilium</strong></span> <span class='ocrx_word' id='word_1_185' title='bbox 558 894 691 926; x_wconf 79' lang='lat' dir='ltr'><strong>impulit.-</strong></span> <span class='ocrx_word' id='word_1_186' title='bbox 709 894 794 926; x_wconf 86' lang='lat' dir='ltr'><strong>quod,</strong></span> <span class='ocrx_word' id='word_1_187' title='bbox 813 895 845 919; x_wconf 87' lang='lat' dir='ltr'><strong>ut</strong></span> <span class='ocrx_word' id='word_1_188' title='bbox 864 896 998 919; x_wconf 79' lang='lat' dir='ltr'><strong>omittam</strong></span> <span class='ocrx_word' id='word_1_189' title='bbox 1017 894 1181 927; x_wconf 76' lang='lat' dir='ltr'><strong>Aragoniae</strong></span> <span class='ocrx_word' id='word_1_190' title='bbox 1200 894 1290 927; x_wconf 86' lang='lat' dir='ltr'><strong>Reges</strong></span> <span class='ocrx_word' id='word_1_191' title='bbox 1310 894 1344 918; x_wconf 83' lang='lat' dir='ltr'><strong>ab</strong></span> <span class='ocrx_word' id='word_1_192' title='bbox 1363 894 1432 919; x_wconf 87' lang='lat' dir='ltr'><strong>hinc</strong></span> <span class='ocrx_word' id='word_1_193' title='bbox 1445 896 1602 919; x_wconf 88' lang='lat' dir='ltr'><strong>tercentum</strong></span> <span class='ocrx_word' id='word_1_194' title='bbox 1617 895 1701 919; x_wconf 83' lang='lat' dir='ltr'><strong>annis</strong></span> <span class='ocrx_word' id='word_1_195' title='bbox 1715 896 1746 919; x_wconf 90' lang='lat' dir='ltr'><strong>in</strong></span> <span class='ocrx_word' id='word_1_196' title='bbox 1759 895 1984 920; x_wconf 79' lang='lat' dir='ltr'><strong>Normannicam</strong></span> 
     </span>
     <span class='ocr_line' id='line_1_14' title="bbox 71 937 1982 977; baseline 0.001 -9.992"><span class='ocrx_word' id='word_1_197' title='bbox 71 937 72 940; x_wconf 63' lang='grc'>’</span> <span class='ocrx_word' id='word_1_198' title='bbox 126 942 246 974; x_wconf 70' lang='lat' dir='ltr'><strong>stirpem</strong></span> <span class='ocrx_word' id='word_1_199' title='bbox 265 943 380 974; x_wconf 85' lang='lat' dir='ltr'><strong>gemina</strong></span> <span class='ocrx_word' id='word_1_200' title='bbox 400 943 575 976; x_wconf 75' lang='lat' dir='ltr'><strong>cognatione</strong></span> <span class='ocrx_word' id='word_1_201' title='bbox 594 950 623 968; x_wconf 86' lang='lat' dir='ltr'><strong>se</strong></span> <span class='ocrx_word' id='word_1_202' title='bbox 643 944 804 972; x_wconf 77' lang='lat' dir='ltr'><strong>inseruisse.</strong></span> <span class='ocrx_word' id='word_1_203' title='bbox 833 943 959 968; x_wconf 86' lang='lat' dir='ltr'><strong>ditiones</strong></span> <span class='ocrx_word' id='word_1_204' title='bbox 985 950 1092 973; x_wconf 81' lang='lat' dir='ltr'><strong>omnes,</strong></span> <span class='ocrx_word' id='word_1_205' title='bbox 1117 950 1188 976; x_wconf 83' lang='lat' dir='ltr'><strong>quae</strong></span> <span class='ocrx_word' id='word_1_206' title='bbox 1214 951 1229 968; x_wconf 89' lang='lat' dir='ltr'><strong>a</strong></span> <span class='ocrx_word' id='word_1_207' title='bbox 1254 943 1431 968; x_wconf 82' lang='lat' dir='ltr'><strong>Normannis</strong></span> <span class='ocrx_word' id='word_1_208' title='bbox 1458 945 1486 968; x_wconf 89' lang='lat' dir='ltr'><strong>et</strong></span> <span class='ocrx_word' id='word_1_209' title='bbox 1511 951 1578 968; x_wconf 85' lang='lat' dir='ltr'><strong>mox</strong></span> <span class='ocrx_word' id='word_1_210' title='bbox 1602 942 1702 968; x_wconf 87' lang='lat' dir='ltr'><strong>Svevis</strong></span> <span class='ocrx_word' id='word_1_211' title='bbox 1727 944 1912 977; x_wconf 86' lang='lat' dir='ltr'><strong>Principibus</strong></span> <span class='ocrx_word' id='word_1_212' title='bbox 1937 946 1982 969; x_wconf 88' lang='lat' dir='ltr'><strong>tot</strong></span> 
     </span>
    </p>
   </div>
   <div class='ocr_carea' id='block_1_7' title="bbox 0 0 102 3424">
    <p class='ocr_par' dir='ltr' id='par_1_7' title="bbox 0 0 102 3424">
     <span class='ocr_line' id='line_1_15' title="bbox 0 0 102 3424; baseline 0 0"><span class='ocrx_word' id='word_1_213' title='bbox 0 0 102 3424; x_wconf 95' lang='lat' dir='ltr'><strong> </strong></span> 
     </span>
    </p>
   </div>
   <div class='ocr_carea' id='block_1_8' title="bbox 125 991 1984 1124">
    <p class='ocr_par' dir='ltr' id='par_1_8' title="bbox 125 991 1984 1124">
     <span class='ocr_line' id='line_1_16' title="bbox 126 991 1983 1027; baseline 0.001 -11"><span class='ocrx_word' id='word_1_214' title='bbox 126 991 261 1016; x_wconf 80' lang='lat' dir='ltr'><strong>victoriis</strong></span> <span class='ocrx_word' id='word_1_215' title='bbox 279 992 424 1024; x_wconf 72' lang='lat' dir='ltr'><strong>quaesitae</strong></span> <span class='ocrx_word' id='word_1_216' title='bbox 442 993 472 1017; x_wconf 84' lang='lat' dir='ltr'><strong>et</strong></span> <span class='ocrx_word' id='word_1_217' title='bbox 490 993 588 1026; x_wconf 82' lang='lat' dir='ltr'><strong>partae</strong></span> <span class='ocrx_word' id='word_1_218' title='bbox 607 991 729 1023; x_wconf 79' lang='lat' dir='ltr'><strong>fuerant,</strong></span> <span class='ocrx_word' id='word_1_219' title='bbox 750 992 908 1025; x_wconf 81' lang='lat' dir='ltr'><strong>Aragoniis</strong></span> <span class='ocrx_word' id='word_1_220' title='bbox 926 993 1027 1026; x_wconf 82' lang='lat' dir='ltr'><strong>postea</strong></span> <span class='ocrx_word' id='word_1_221' title='bbox 1046 991 1181 1025; x_wconf 76' lang='lat' dir='ltr'><strong>Regibus,</strong></span> <span class='ocrx_word' id='word_1_222' title='bbox 1201 994 1230 1017; x_wconf 88' lang='lat' dir='ltr'><strong>et</strong></span> <span class='ocrx_word' id='word_1_223' title='bbox 1248 992 1442 1018; x_wconf 79' lang='lat' dir='ltr'><strong>haereditario</strong></span> <span class='ocrx_word' id='word_1_224' title='bbox 1462 994 1490 1018; x_wconf 81' lang='lat' dir='ltr'><strong>et</strong></span> <span class='ocrx_word' id='word_1_225' title='bbox 1508 993 1579 1017; x_wconf 86' lang='lat' dir='ltr'><strong>belli</strong></span> <span class='ocrx_word' id='word_1_226' title='bbox 1598 994 1669 1027; x_wconf 81' lang='lat' dir='ltr'><strong>jure,</strong></span> <span class='ocrx_word' id='word_1_227' title='bbox 1687 995 1716 1018; x_wconf 85' lang='lat' dir='ltr'><strong>et</strong></span> <span class='ocrx_word' id='word_1_228' title='bbox 1735 994 1769 1018; x_wconf 89' lang='lat' dir='ltr'><strong>ab</strong></span> <span class='ocrx_word' id='word_1_229' title='bbox 1788 993 1915 1019; x_wconf 86' lang='lat' dir='ltr'><strong>Ecclesia</strong></span> <span class='ocrx_word' id='word_1_230' title='bbox 1932 1001 1983 1027; x_wconf 89' lang='lat' dir='ltr'><strong>pu-</strong></span> 
     </span>
     <span class='ocr_line' id='line_1_17' title="bbox 125 1039 1984 1074; baseline 0.002 -9"><span class='ocrx_word' id='word_1_231' title='bbox 125 1039 212 1065; x_wconf 77' lang='lat' dir='ltr'><strong>blicis</strong></span> <span class='ocrx_word' id='word_1_232' title='bbox 231 1040 362 1066; x_wconf 62' lang='lat' dir='ltr'><strong>consiliu</strong></span> <span class='ocrx_word' id='word_1_233' title='bbox 381 1041 510 1066; x_wconf 82' lang='lat' dir='ltr'><strong>beneficii</strong></span> <span class='ocrx_word' id='word_1_234' title='bbox 530 1041 596 1066; x_wconf 90' lang='lat' dir='ltr'><strong>loco</strong></span> <span class='ocrx_word' id='word_1_235' title='bbox 615 1041 712 1067; x_wconf 85' lang='lat' dir='ltr'><strong>delato</strong></span> <span class='ocrx_word' id='word_1_236' title='bbox 732 1048 856 1070; x_wconf 84' lang='lat' dir='ltr'><strong>munere,</strong></span> <span class='ocrx_word' id='word_1_237' title='bbox 876 1041 994 1067; x_wconf 83' lang='lat' dir='ltr'><strong>coelesti</strong></span> <span class='ocrx_word' id='word_1_238' title='bbox 1013 1042 1171 1074; x_wconf 85' lang='lat' dir='ltr'><strong>divinaque</strong></span> <span class='ocrx_word' id='word_1_239' title='bbox 1191 1043 1269 1066; x_wconf 88' lang='lat' dir='ltr'><strong>sorte</strong></span> <span class='ocrx_word' id='word_1_240' title='bbox 1294 1042 1443 1067; x_wconf 84' lang='lat' dir='ltr'><strong>obvenere.</strong></span> <span class='ocrx_word' id='word_1_241' title='bbox 1480 1042 1527 1066; x_wconf 82' lang='lat' dir='ltr'><strong>Ad</strong></span> <span class='ocrx_word' id='word_1_242' title='bbox 1549 1042 1584 1067; x_wconf 87' lang='lat' dir='ltr'><strong>D.</strong></span> <span class='ocrx_word' id='word_1_243' title='bbox 1604 1042 1736 1067; x_wconf 82' lang='lat' dir='ltr'><strong>Encratis</strong></span> <span class='ocrx_word' id='word_1_244' title='bbox 1761 1051 1795 1068; x_wconf 89' lang='lat' dir='ltr'><strong>ex</strong></span> <span class='ocrx_word' id='word_1_245' title='bbox 1821 1043 1984 1068; x_wconf 84' lang='lat' dir='ltr'><strong>suburbano</strong></span> 
     </span>
     <span class='ocr_line' id='line_1_18' title="bbox 125 1088 958 1124; baseline 0.001 -10"><span class='ocrx_word' id='word_1_246' title='bbox 125 1088 392 1122; x_wconf 80' lang='lat' dir='ltr'><strong>Caesaraugustano</strong></span> <span class='ocrx_word' id='word_1_247' title='bbox 410 1089 499 1115; x_wconf 80' lang='lat' dir='ltr'><strong>Anno</strong></span> <span class='ocrx_word' id='word_1_248' title='bbox 518 1089 639 1115; x_wconf 85' lang='lat' dir='ltr'><strong>Domini</strong></span> <span class='ocrx_word' id='word_1_249' title='bbox 662 1088 694 1114; x_wconf 86' lang='lat'><strong>1⁶</strong></span> <span class='ocrx_word' id='word_1_250' title='bbox 712 1089 769 1115; x_wconf 83' lang='lat' dir='ltr'><strong>kal.</strong></span> <span class='ocrx_word' id='word_1_251' title='bbox 789 1090 859 1124; x_wconf 77' lang='lat' dir='ltr'><strong>Maji</strong></span> <span class='ocrx_word' id='word_1_252' title='bbox 882 1089 958 1122; x_wconf 80' lang='lat'>1578.</span> 
     </span>
    </p>
   </div>
   <div class='ocr_carea' id='block_1_9' title="bbox 255 1162 1890 1234">
    <p class='ocr_par' dir='ltr' id='par_1_9' title="bbox 255 1162 1890 1234">
     <span class='ocr_line' id='line_1_19' title="bbox 255 1162 727 1189; baseline -0.002 -5"><span class='ocrx_word' id='word_1_253' title='bbox 255 1162 422 1189; x_wconf 70' lang='lat' dir='ltr'><strong>Amplitudinis</strong></span> <span class='ocrx_word' id='word_1_254' title='bbox 436 1165 488 1184; x_wconf 78' lang='lat' dir='ltr'><strong>tuae</strong></span> <span class='ocrx_word' id='word_1_255' title='bbox 502 1163 727 1184; x_wconf 74' lang='lat' dir='ltr'><strong>observantissimus.</strong></span> 
     </span>
     <span class='ocr_line' id='line_1_20' title="bbox 1546 1207 1890 1234; baseline 0.006 -2"><span class='ocrx_word' id='word_1_256' title='bbox 1546 1207 1750 1233; x_wconf 72' lang='lat' dir='ltr'><strong>HmnoNYMUs</strong></span> <span class='ocrx_word' id='word_1_257' title='bbox 1769 1208 1890 1234; x_wconf 70' lang='lat' dir='ltr'><strong>Suari-A.</strong></span> 
     </span>
    </p>
   </div>
  </div>
 </body>
</html>
