<?xml version="1.0" encoding="UTF-8"?>
<!DOCTYPE html PUBLIC "-//W3C//DTD XHTML 1.0 Transitional//EN"
    "http://www.w3.org/TR/xhtml1/DTD/xhtml1-transitional.dtd">
<html xmlns="http://www.w3.org/1999/xhtml" xml:lang="en" lang="en">
 <head>
  <title>
</title>
<meta http-equiv="Content-Type" content="text/html;charset=utf-8" />
  <meta name='ocr-system' content='tesseract 3.04.00' />
  <meta name='ocr-capabilities' content='ocr_page ocr_carea ocr_par ocr_line ocrx_word'/>
</head>
<body>
  <div class='ocr_page' id='page_1' title='image "./rerumitalicarums51murauoft_0181.png"; bbox 0 0 2314 3418; ppageno 0'>
   <div class='ocr_carea' id='block_1_1' title="bbox 161 216 1634 264">
    <p class='ocr_par' dir='ltr' id='par_1_1' title="bbox 161 216 1634 264">
     <span class='ocr_line' id='line_1_1' title="bbox 161 216 1634 264; baseline -0.002 -7"><span class='ocrx_word' id='word_1_1' title='bbox 161 227 244 264; x_wconf 69' lang='grc' dir='ltr'><strong>[ΔΑ.</strong></span> <span class='ocrx_word' id='word_1_2' title='bbox 266 227 454 263; x_wconf 64' lang='grc'><strong>10894090]</strong></span> <span class='ocrx_word' id='word_1_3' title='bbox 532 222 601 257; x_wconf 92' lang='lat' dir='ltr'><strong>DE</strong></span> <span class='ocrx_word' id='word_1_4' title='bbox 630 220 798 257; x_wconf 89' lang='lat' dir='ltr'>REBUS</span> <span class='ocrx_word' id='word_1_5' title='bbox 827 220 1003 256; x_wconf 88' lang='lat' dir='ltr'>GESTIS</span> <span class='ocrx_word' id='word_1_6' title='bbox 1030 219 1249 255; x_wconf 89' lang='lat' dir='ltr'>ROGERII</span> <span class='ocrx_word' id='word_1_7' title='bbox 1278 216 1491 255; x_wconf 88' lang='lat' dir='ltr'>COMITIS</span> <span class='ocrx_word' id='word_1_8' title='bbox 1518 219 1634 254; x_wconf 90' lang='lat' dir='ltr'><strong>ETC.</strong></span> 
     </span>
    </p>
   </div>
   <div class='ocr_carea' id='block_1_2' title="bbox 121 341 2013 1023">
    <p class='ocr_par' dir='ltr' id='par_1_2' title="bbox 121 341 2011 654">
     <span class='ocr_line' id='line_1_2' title="bbox 161 341 2009 387; baseline -0.002 -9"><span class='ocrx_word' id='word_1_9' title='bbox 161 345 247 378; x_wconf 79' lang='lat' dir='ltr'><strong>viris</strong></span> <span class='ocrx_word' id='word_1_10' title='bbox 266 344 384 378; x_wconf 84' lang='lat' dir='ltr'><strong>latinis</strong></span> <span class='ocrx_word' id='word_1_11' title='bbox 407 344 751 387; x_wconf 86' lang='lat' dir='ltr'><strong>Constantinopolim,</strong></span> <span class='ocrx_word' id='word_1_12' title='bbox 774 343 926 376; x_wconf 89' lang='lat' dir='ltr'><strong>concilio</strong></span> <span class='ocrx_word' id='word_1_13' title='bbox 949 347 1175 386; x_wconf 80' lang='lat' dir='ltr'><strong>congregato,</strong></span> <span class='ocrx_word' id='word_1_14' title='bbox 1197 341 1387 384; x_wconf 84' lang='lat' dir='ltr'><strong>disputatio</strong></span> <span class='ocrx_word' id='word_1_15' title='bbox 1410 342 1509 375; x_wconf 81' lang='lat' dir='ltr'><strong>fieret</strong></span> <span class='ocrx_word' id='word_1_16' title='bbox 1523 341 1614 374; x_wconf 88' lang='lat' dir='ltr'><strong>inter</strong></span> <span class='ocrx_word' id='word_1_17' title='bbox 1631 342 1787 375; x_wconf 85' lang='lat' dir='ltr'><strong>Graecos</strong></span> <span class='ocrx_word' id='word_1_18' title='bbox 1803 347 1839 375; x_wconf 86' lang='lat' dir='ltr'><strong>et</strong></span> <span class='ocrx_word' id='word_1_19' title='bbox 1853 341 2009 380; x_wconf 84' lang='lat' dir='ltr'><strong>Latinos,</strong></span> 
     </span>
     <span class='ocr_line' id='line_1_3' title="bbox 161 394 2010 439; baseline -0.002 -8"><span class='ocrx_word' id='word_1_20' title='bbox 161 403 200 431; x_wconf 87' lang='lat' dir='ltr'><strong>ut</strong></span> <span class='ocrx_word' id='word_1_21' title='bbox 222 397 394 432; x_wconf 86' lang='lat' dir='ltr'><strong>communi</strong></span> <span class='ocrx_word' id='word_1_22' title='bbox 419 397 620 430; x_wconf 87' lang='lat' dir='ltr'><strong>definitione</strong></span> <span class='ocrx_word' id='word_1_23' title='bbox 644 397 680 429; x_wconf 87' lang='lat' dir='ltr'><strong>in</strong></span> <span class='ocrx_word' id='word_1_24' title='bbox 704 397 854 430; x_wconf 84' lang='lat' dir='ltr'><strong>ecclesia</strong></span> <span class='ocrx_word' id='word_1_25' title='bbox 876 396 942 429; x_wconf 89' lang='lat' dir='ltr'><strong>Dei</strong></span> <span class='ocrx_word' id='word_1_26' title='bbox 963 395 1050 428; x_wconf 91' lang='lat' dir='ltr'><strong>illud</strong></span> <span class='ocrx_word' id='word_1_27' title='bbox 1075 395 1224 428; x_wconf 85' lang='lat' dir='ltr'><strong>schisma</strong></span> <span class='ocrx_word' id='word_1_28' title='bbox 1247 394 1475 432; x_wconf 85' lang='lat' dir='ltr'><strong>scinderetur,</strong></span> <span class='ocrx_word' id='word_1_29' title='bbox 1507 396 1601 439; x_wconf 87' lang='lat' dir='ltr'><strong>quod</strong></span> <span class='ocrx_word' id='word_1_30' title='bbox 1633 395 1761 428; x_wconf 87' lang='lat' dir='ltr'><strong>Graeci</strong></span> <span class='ocrx_word' id='word_1_31' title='bbox 1792 395 2010 433; x_wconf 59' lang='lat' dir='ltr'><strong>fermentum</strong></span> 
     </span>
     <span class='ocr_line' id='line_1_4' title="bbox 161 447 2009 495; baseline -0.002 -11"><span class='ocrx_word' id='word_1_32' title='bbox 161 451 279 485; x_wconf 81' lang='lat' dir='ltr'><strong>Latini</strong></span> <span class='ocrx_word' id='word_1_33' title='bbox 299 460 383 484; x_wconf 86' lang='lat' dir='ltr'><strong>vero</strong></span> <span class='ocrx_word' id='word_1_34' title='bbox 405 461 527 495; x_wconf 88' lang='lat' dir='ltr'><strong>azymo</strong></span> <span class='ocrx_word' id='word_1_35' title='bbox 550 450 785 489; x_wconf 81' lang='lat' dir='ltr'><strong>immolabant,</strong></span> <span class='ocrx_word' id='word_1_36' title='bbox 809 460 945 493; x_wconf 88' lang='lat' dir='ltr'><strong>unaque</strong></span> <span class='ocrx_word' id='word_1_37' title='bbox 968 448 1118 482; x_wconf 85' lang='lat' dir='ltr'><strong>ecclesia</strong></span> <span class='ocrx_word' id='word_1_38' title='bbox 1138 447 1206 480; x_wconf 89' lang='lat' dir='ltr'><strong>Dei</strong></span> <span class='ocrx_word' id='word_1_39' title='bbox 1230 458 1334 480; x_wconf 90' lang='lat' dir='ltr'><strong>unum</strong></span> <span class='ocrx_word' id='word_1_40' title='bbox 1358 458 1487 481; x_wconf 88' lang='lat' dir='ltr'><strong>morem</strong></span> <span class='ocrx_word' id='word_1_41' title='bbox 1503 454 1649 488; x_wconf 86' lang='lat' dir='ltr'><strong>teneret,</strong></span> <span class='ocrx_word' id='word_1_42' title='bbox 1666 448 1787 483; x_wconf 88' lang='lat' dir='ltr'><strong>dicens</strong></span> <span class='ocrx_word' id='word_1_43' title='bbox 1800 459 1838 482; x_wconf 89' lang='lat' dir='ltr'><strong>se</strong></span> <span class='ocrx_word' id='word_1_44' title='bbox 1860 448 2009 482; x_wconf 83' lang='lat' dir='ltr'>libenter</span> 
     </span>
     <span class='ocr_line' id='line_1_5' title="bbox 153 501 2011 547; baseline -0.002 -9"><span class='ocrx_word' id='word_1_45' title='bbox 153 504 356 538; x_wconf 75' lang='lat' dir='ltr'><strong>catholicae</strong></span> <span class='ocrx_word' id='word_1_46' title='bbox 379 504 583 538; x_wconf 87' lang='lat' dir='ltr'><strong>discussioni</strong></span> <span class='ocrx_word' id='word_1_47' title='bbox 605 505 782 546; x_wconf 82' lang='lat' dir='ltr'><strong>assentire,</strong></span> <span class='ocrx_word' id='word_1_48' title='bbox 807 509 842 536; x_wconf 91' lang='lat' dir='ltr'><strong>et</strong></span> <span class='ocrx_word' id='word_1_49' title='bbox 857 503 951 547; x_wconf 89' lang='lat' dir='ltr'><strong>quod</strong></span> <span class='ocrx_word' id='word_1_50' title='bbox 966 501 1174 536; x_wconf 82' lang='lat' dir='ltr'><strong>authenticis</strong></span> <span class='ocrx_word' id='word_1_51' title='bbox 1189 502 1381 542; x_wconf 77' lang='lat' dir='ltr'><strong>sententiis,</strong></span> <span class='ocrx_word' id='word_1_52' title='bbox 1396 501 1637 544; x_wconf 89' lang='lat' dir='ltr'><strong>praesentibus</strong></span> <span class='ocrx_word' id='word_1_53' title='bbox 1653 502 1800 535; x_wconf 86' lang='lat' dir='ltr'><strong>Graecis</strong></span> <span class='ocrx_word' id='word_1_54' title='bbox 1816 508 1851 535; x_wconf 90' lang='lat' dir='ltr'><strong>et</strong></span> <span class='ocrx_word' id='word_1_55' title='bbox 1865 502 2011 539; x_wconf 85' lang='lat' dir='ltr'><strong>Latinis,</strong></span> 
     </span>
     <span class='ocr_line' id='line_1_6' title="bbox 121 554 2009 602; baseline -0.001 -12"><span class='ocrx_word' id='word_1_56' title='bbox 121 557 322 591; x_wconf 66' lang='lat' dir='ltr'><strong>Sassentiri</strong></span> <span class='ocrx_word' id='word_1_57' title='bbox 344 558 554 596; x_wconf 86' lang='lat' dir='ltr'><strong>definiretur,</strong></span> <span class='ocrx_word' id='word_1_58' title='bbox 577 558 651 590; x_wconf 90' lang='lat' dir='ltr'><strong>sive</strong></span> <span class='ocrx_word' id='word_1_59' title='bbox 673 568 804 602; x_wconf 86' lang='lat' dir='ltr'><strong>azymo,</strong></span> <span class='ocrx_word' id='word_1_60' title='bbox 827 557 901 589; x_wconf 90' lang='lat' dir='ltr'><strong>sive</strong></span> <span class='ocrx_word' id='word_1_61' title='bbox 927 556 1137 589; x_wconf 81' lang='lat' dir='ltr'><strong>fermentato</strong></span> <span class='ocrx_word' id='word_1_62' title='bbox 1159 554 1406 588; x_wconf 88' lang='lat' dir='ltr'><strong>immolandum</strong></span> <span class='ocrx_word' id='word_1_63' title='bbox 1430 561 1533 594; x_wconf 90' lang='lat' dir='ltr'><strong>esset,</strong></span> <span class='ocrx_word' id='word_1_64' title='bbox 1556 567 1593 588; x_wconf 87' lang='lat' dir='ltr'><strong>se</strong></span> <span class='ocrx_word' id='word_1_65' title='bbox 1624 554 1794 599; x_wconf 81' lang='lat' dir='ltr'><strong>deinceps</strong></span> <span class='ocrx_word' id='word_1_66' title='bbox 1824 556 2009 590; x_wconf 86' lang='lat' dir='ltr'><strong>observare</strong></span> 
     </span>
     <span class='ocr_line' id='line_1_7' title="bbox 163 608 1907 654; baseline -0.001 -10"><span class='ocrx_word' id='word_1_67' title='bbox 163 610 263 645; x_wconf 81' lang='lat' dir='ltr'><strong>velle.</strong></span> <span class='ocrx_word' id='word_1_68' title='bbox 309 610 511 643; x_wconf 88' lang='lat' dir='ltr'><strong>Terminum</strong></span> <span class='ocrx_word' id='word_1_69' title='bbox 534 611 646 649; x_wconf 86' lang='lat' dir='ltr'><strong>etiam,</strong></span> <span class='ocrx_word' id='word_1_70' title='bbox 671 621 740 653; x_wconf 90' lang='lat' dir='ltr'><strong>quo</strong></span> <span class='ocrx_word' id='word_1_71' title='bbox 763 621 854 654; x_wconf 83' lang='lat' dir='ltr'><strong>papa</strong></span> <span class='ocrx_word' id='word_1_72' title='bbox 877 610 1048 643; x_wconf 83' lang='lat' dir='ltr'><strong>accedere</strong></span> <span class='ocrx_word' id='word_1_73' title='bbox 1072 608 1227 648; x_wconf 81' lang='lat' dir='ltr'><strong>deberet,</strong></span> <span class='ocrx_word' id='word_1_74' title='bbox 1250 608 1386 641; x_wconf 77' lang='lat' dir='ltr'><strong>statuit:</strong></span> <span class='ocrx_word' id='word_1_75' title='bbox 1410 609 1491 641; x_wconf 87' lang='lat' dir='ltr'><strong>anni</strong></span> <span class='ocrx_word' id='word_1_76' title='bbox 1514 609 1679 642; x_wconf 87' lang='lat' dir='ltr'><strong>videlicet</strong></span> <span class='ocrx_word' id='word_1_77' title='bbox 1703 615 1738 642; x_wconf 89' lang='lat' dir='ltr'><strong>et</strong></span> <span class='ocrx_word' id='word_1_78' title='bbox 1761 609 1907 643; x_wconf 89' lang='lat' dir='ltr'><strong>dimidii.</strong></span> 
     </span>
    </p>

    <p class='ocr_par' dir='ltr' id='par_1_3' title="bbox 162 660 2012 814">
     <span class='ocr_line' id='line_1_8' title="bbox 254 660 2009 704; baseline -0.001 -7"><span class='ocrx_word' id='word_1_79' title='bbox 254 660 380 697; x_wconf 79' lang='lat' dir='ltr'><strong>Com‘es</strong></span> <span class='ocrx_word' id='word_1_80' title='bbox 403 673 498 704; x_wconf 89' lang='lat' dir='ltr'><strong>vero,</strong></span> <span class='ocrx_word' id='word_1_81' title='bbox 520 670 556 696; x_wconf 91' lang='lat' dir='ltr'><strong>ut</strong></span> <span class='ocrx_word' id='word_1_82' title='bbox 579 669 713 697; x_wconf 86' lang='lat' dir='ltr'><strong>tantum</strong></span> <span class='ocrx_word' id='word_1_83' title='bbox 735 663 885 696; x_wconf 86' lang='lat' dir='ltr'><strong>schisma</strong></span> <span class='ocrx_word' id='word_1_84' title='bbox 907 662 951 696; x_wconf 85' lang='lat' dir='ltr'><strong>ab</strong></span> <span class='ocrx_word' id='word_1_85' title='bbox 974 662 1124 696; x_wconf 81' lang='lat' dir='ltr'><strong>ecclesia</strong></span> <span class='ocrx_word' id='word_1_86' title='bbox 1156 661 1223 694; x_wconf 92' lang='lat' dir='ltr'><strong>Dei</strong></span> <span class='ocrx_word' id='word_1_87' title='bbox 1258 667 1505 704; x_wconf 75' lang='lat' dir='ltr'><strong>amputaretur,</strong></span> <span class='ocrx_word' id='word_1_88' title='bbox 1541 662 1648 695; x_wconf 85' lang='lat' dir='ltr'><strong>eundi</strong></span> <span class='ocrx_word' id='word_1_89' title='bbox 1684 662 1867 696; x_wconf 88' lang='lat' dir='ltr'><strong>consilium</strong></span> <span class='ocrx_word' id='word_1_90' title='bbox 1899 663 2009 696; x_wconf 85' lang='lat' dir='ltr'><strong>dedit.</strong></span> 
     </span>
     <span class='ocr_line' id='line_1_9' title="bbox 162 713 2012 760; baseline -0.001 -10"><span class='ocrx_word' id='word_1_91' title='bbox 162 717 234 752; x_wconf 87' lang='lat' dir='ltr'><strong>Sed</strong></span> <span class='ocrx_word' id='word_1_92' title='bbox 255 716 525 760; x_wconf 85' lang='lat' dir='ltr'><strong>impedientibus</strong></span> <span class='ocrx_word' id='word_1_93' title='bbox 546 717 693 750; x_wconf 87' lang='lat' dir='ltr'><strong>inimicis</strong></span> <span class='ocrx_word' id='word_1_94' title='bbox 714 722 854 750; x_wconf 84' lang='lat' dir='ltr'><strong>sanctae</strong></span> <span class='ocrx_word' id='word_1_95' title='bbox 877 716 943 748; x_wconf 90' lang='lat' dir='ltr'><strong>Dei</strong></span> <span class='ocrx_word' id='word_1_96' title='bbox 967 715 1160 754; x_wconf 85' lang='lat' dir='ltr'><strong>Ecclesiae,</strong></span> <span class='ocrx_word' id='word_1_97' title='bbox 1184 713 1243 758; x_wconf 76' lang='lat' dir='ltr'><strong>qui</strong></span> <span class='ocrx_word' id='word_1_98' title='bbox 1266 714 1402 747; x_wconf 88' lang='lat' dir='ltr'><strong>Romae</strong></span> <span class='ocrx_word' id='word_1_99' title='bbox 1435 714 1500 747; x_wconf 88' lang='lat' dir='ltr'><strong>sibi</strong></span> <span class='ocrx_word' id='word_1_100' title='bbox 1522 715 1641 748; x_wconf 78' lang='lat' dir='ltr'><strong>infesti</strong></span> <span class='ocrx_word' id='word_1_101' title='bbox 1676 716 1916 758; x_wconf 80' lang='lat' dir='ltr'><strong>persistebant,</strong></span> <span class='ocrx_word' id='word_1_102' title='bbox 1946 716 2012 749; x_wconf 88' lang='lat' dir='ltr'><strong>iter</strong></span> 
     </span>
     <span class='ocr_line' id='line_1_10' title="bbox 164 770 461 814; baseline -0.003 -10"><span class='ocrx_word' id='word_1_103' title='bbox 164 770 376 814; x_wconf 80' lang='lat' dir='ltr'><strong>prohibitum</strong></span> <span class='ocrx_word' id='word_1_104' title='bbox 400 776 461 804; x_wconf 86' lang='lat' dir='ltr'><strong>est.</strong></span> 
     </span>
    </p>

    <p class='ocr_par' dir='ltr' id='par_1_4' title="bbox 164 822 2013 1023">
     <span class='ocr_line' id='line_1_11' title="bbox 252 822 2013 868; baseline -0.001 -10"><span class='ocrx_word' id='word_1_105' title='bbox 252 824 379 858; x_wconf 87' lang='lat' dir='ltr'><strong>Comes</strong></span> <span class='ocrx_word' id='word_1_106' title='bbox 400 824 518 868; x_wconf 85' lang='lat' dir='ltr'><strong>itaque</strong></span> <span class='ocrx_word' id='word_1_107' title='bbox 539 835 677 867; x_wconf 86' lang='lat' dir='ltr'><strong>papam,</strong></span> <span class='ocrx_word' id='word_1_108' title='bbox 700 824 854 867; x_wconf 89' lang='lat' dir='ltr'><strong>pluribus</strong></span> <span class='ocrx_word' id='word_1_109' title='bbox 877 823 1029 867; x_wconf 69' lang='lat' dir='ltr'><strong>donariis</strong></span> <span class='ocrx_word' id='word_1_110' title='bbox 1050 823 1266 861; x_wconf 89' lang='lat' dir='ltr'><strong>honoratum,</strong></span> <span class='ocrx_word' id='word_1_111' title='bbox 1289 833 1310 854; x_wconf 88' lang='lat' dir='ltr'><strong>a</strong></span> <span class='ocrx_word' id='word_1_112' title='bbox 1332 832 1368 855; x_wconf 86' lang='lat' dir='ltr'><strong>se</strong></span> <span class='ocrx_word' id='word_1_113' title='bbox 1393 822 1531 855; x_wconf 88' lang='lat' dir='ltr'><strong>dimisit.</strong></span> <span class='ocrx_word' id='word_1_114' title='bbox 1578 823 1655 866; x_wconf 88' lang='lat' dir='ltr'><strong>Ipse</strong></span> <span class='ocrx_word' id='word_1_115' title='bbox 1678 833 1762 856; x_wconf 85' lang='lat' dir='ltr'><strong>vero</strong></span> <span class='ocrx_word' id='word_1_116' title='bbox 1779 824 1943 857; x_wconf 90' lang='lat' dir='ltr'><strong>Buterum</strong></span> <span class='ocrx_word' id='word_1_117' title='bbox 1958 835 2013 857; x_wconf 90' lang='lat' dir='ltr'><strong>re-</strong></span> 
     </span>
     <span class='ocr_line' id='line_1_12' title="bbox 164 875 2011 920; baseline 0.001 -10"><span class='ocrx_word' id='word_1_118' title='bbox 164 878 274 916; x_wconf 87' lang='lat' dir='ltr'><strong>diens,</strong></span> <span class='ocrx_word' id='word_1_119' title='bbox 297 876 455 910; x_wconf 84' lang='lat' dir='ltr'><strong>hostibus</strong></span> <span class='ocrx_word' id='word_1_120' title='bbox 476 878 636 917; x_wconf 71' lang='lat' dir='ltr'><strong>infestus,</strong></span> <span class='ocrx_word' id='word_1_121' title='bbox 659 877 799 911; x_wconf 87' lang='lat' dir='ltr'><strong>tandem</strong></span> <span class='ocrx_word' id='word_1_122' title='bbox 822 876 868 910; x_wconf 90' lang='lat' dir='ltr'><strong>ad</strong></span> <span class='ocrx_word' id='word_1_123' title='bbox 891 876 1104 910; x_wconf 88' lang='lat' dir='ltr'><strong>deditionem</strong></span> <span class='ocrx_word' id='word_1_124' title='bbox 1129 875 1253 919; x_wconf 73' lang='lat' dir='ltr'><strong>coegit.</strong></span> <span class='ocrx_word' id='word_1_125' title='bbox 1300 875 1428 920; x_wconf 90' lang='lat' dir='ltr'><strong>Sicque</strong></span> <span class='ocrx_word' id='word_1_126' title='bbox 1453 881 1567 909; x_wconf 87' lang='lat' dir='ltr'><strong>castro</strong></span> <span class='ocrx_word' id='word_1_127' title='bbox 1588 877 1729 917; x_wconf 86' lang='lat' dir='ltr'><strong>potitus,</strong></span> <span class='ocrx_word' id='word_1_128' title='bbox 1752 887 1817 919; x_wconf 89' lang='lat' dir='ltr'><strong>pro</strong></span> <span class='ocrx_word' id='word_1_129' title='bbox 1833 876 1934 910; x_wconf 82' lang='lat' dir='ltr'><strong>libitu</strong></span> <span class='ocrx_word' id='word_1_130' title='bbox 1950 888 2011 911; x_wconf 87' lang='lat' dir='ltr'><strong>suo</strong></span> 
     </span>
     <span class='ocr_line' id='line_1_13' title="bbox 164 929 2012 974; baseline -0.001 -10"><span class='ocrx_word' id='word_1_131' title='bbox 164 930 327 974; x_wconf 81' lang='lat' dir='ltr'><strong>disponit,</strong></span> <span class='ocrx_word' id='word_1_132' title='bbox 350 932 633 974; x_wconf 85' lang='lat' dir='ltr'><strong>potentioresque</strong></span> <span class='ocrx_word' id='word_1_133' title='bbox 656 932 692 963; x_wconf 91' lang='lat' dir='ltr'><strong>in</strong></span> <span class='ocrx_word' id='word_1_134' title='bbox 725 930 921 964; x_wconf 81' lang='lat' dir='ltr'><strong>Calabriam</strong></span> <span class='ocrx_word' id='word_1_135' title='bbox 945 940 1121 963; x_wconf 86' lang='lat' dir='ltr'><strong>mansuros</strong></span> <span class='ocrx_word' id='word_1_136' title='bbox 1152 930 1265 968; x_wconf 88' lang='lat' dir='ltr'><strong>mittit,</strong></span> <span class='ocrx_word' id='word_1_137' title='bbox 1298 941 1341 962; x_wconf 89' lang='lat' dir='ltr'><strong>ne</strong></span> <span class='ocrx_word' id='word_1_138' title='bbox 1373 930 1450 968; x_wconf 87' lang='lat' dir='ltr'><strong>sibi,</strong></span> <span class='ocrx_word' id='word_1_139' title='bbox 1482 929 1610 962; x_wconf 86' lang='lat' dir='ltr'><strong>ibidem</strong></span> <span class='ocrx_word' id='word_1_140' title='bbox 1642 937 1830 969; x_wconf 84' lang='lat' dir='ltr'><strong>manentes,</strong></span> <span class='ocrx_word' id='word_1_141' title='bbox 1862 931 2012 974; x_wconf 84' lang='lat' dir='ltr'><strong>aliquam</strong></span> 
     </span>
     <span class='ocr_line' id='line_1_14' title="bbox 166 985 1082 1023; baseline -0.001 -6"><span class='ocrx_word' id='word_1_142' title='bbox 166 985 326 1018; x_wconf 78' lang='lat' dir='ltr'><strong>fraudem</strong></span> <span class='ocrx_word' id='word_1_143' title='bbox 349 985 597 1023; x_wconf 82' lang='lat' dir='ltr'><strong>machinantes,</strong></span> <span class='ocrx_word' id='word_1_144' title='bbox 622 985 887 1018; x_wconf 87' lang='lat' dir='ltr'><strong>commotionem</strong></span> <span class='ocrx_word' id='word_1_145' title='bbox 912 985 1082 1017; x_wconf 76' lang='lat' dir='ltr'><strong>facerent.</strong></span> 
     </span>
    </p>
   </div>
   <div class='ocr_carea' id='block_1_3' title="bbox 103 825 142 858">
    <p class='ocr_par' dir='ltr' id='par_1_5' title="bbox 103 825 142 858">
     <span class='ocr_line' id='line_1_15' title="bbox 103 825 142 858; baseline -0.051 0"><span class='ocrx_word' id='word_1_146' title='bbox 103 825 142 858; x_wconf 89' lang='lat'><strong>10</strong></span> 
     </span>
    </p>
   </div>
   <div class='ocr_carea' id='block_1_4' title="bbox 105 1089 2014 1403">
    <p class='ocr_par' dir='ltr' id='par_1_6' title="bbox 252 1089 2011 1136">
     <span class='ocr_line' id='line_1_16' title="bbox 252 1089 2011 1136; baseline 0.001 -13"><span class='ocrx_word' id='word_1_147' title='bbox 252 1090 350 1124; x_wconf 91' lang='lat' dir='ltr'>XIV.</span> <span class='ocrx_word' id='word_1_148' title='bbox 374 1109 415 1114; x_wconf 93' lang='lat'><strong>—-</strong></span> <span class='ocrx_word' id='word_1_149' title='bbox 440 1089 542 1124; x_wconf 89' lang='lat' dir='ltr'><strong>Anno</strong></span> <span class='ocrx_word' id='word_1_150' title='bbox 564 1091 669 1135; x_wconf 86' lang='lat' dir='ltr'><strong>igitur</strong></span> <span class='ocrx_word' id='word_1_151' title='bbox 691 1091 862 1124; x_wconf 88' lang='lat' dir='ltr'><strong>incarnati</strong></span> <span class='ocrx_word' id='word_1_152' title='bbox 874 1090 1064 1124; x_wconf 84' lang='lat' dir='ltr'><strong>Salvatoris</strong></span> <span class='ocrx_word' id='word_1_153' title='bbox 1080 1090 1310 1124; x_wconf 93' lang='lat' dir='ltr'><strong>MLXXXIX</strong></span> <span class='ocrx_word' id='word_1_154' title='bbox 1327 1101 1442 1124; x_wconf 90' lang='lat' dir='ltr'><strong>comes</strong></span> <span class='ocrx_word' id='word_1_155' title='bbox 1457 1091 1644 1135; x_wconf 88' lang='lat' dir='ltr'><strong>Rogerius,</strong></span> <span class='ocrx_word' id='word_1_156' title='bbox 1663 1102 1768 1125; x_wconf 85' lang='lat' dir='ltr'><strong>uxore</strong></span> <span class='ocrx_word' id='word_1_157' title='bbox 1786 1091 2011 1136; x_wconf 88' lang='lat' dir='ltr'><strong>Eremburga,</strong></span> 
     </span>
    </p>

    <p class='ocr_par' dir='ltr' id='par_1_7' title="bbox 105 1143 2014 1403">
     <span class='ocr_line' id='line_1_17' title="bbox 105 1143 2013 1189; baseline -0.001 -11"><span class='ocrx_word' id='word_1_158' title='bbox 105 1145 142 1178; x_wconf 87' lang='lat'><strong>15</strong></span> <span class='ocrx_word' id='word_1_159' title='bbox 167 1145 237 1178; x_wconf 87' lang='lat' dir='ltr'><strong>filia</strong></span> <span class='ocrx_word' id='word_1_160' title='bbox 258 1144 443 1183; x_wconf 87' lang='lat' dir='ltr'><strong>Guillelmi,</strong></span> <span class='ocrx_word' id='word_1_161' title='bbox 467 1145 601 1178; x_wconf 86' lang='lat' dir='ltr'><strong>comitis</strong></span> <span class='ocrx_word' id='word_1_162' title='bbox 623 1145 866 1183; x_wconf 88' lang='lat' dir='ltr'><strong>Mortonensis,</strong></span> <span class='ocrx_word' id='word_1_163' title='bbox 890 1145 1066 1183; x_wconf 79' lang='lat' dir='ltr'><strong>defuncta,</strong></span> <span class='ocrx_word' id='word_1_164' title='bbox 1090 1145 1190 1177; x_wconf 81' lang='lat' dir='ltr'><strong>aliam</strong></span> <span class='ocrx_word' id='word_1_165' title='bbox 1214 1145 1328 1178; x_wconf 87' lang='lat' dir='ltr'><strong>duxit:</strong></span> <span class='ocrx_word' id='word_1_166' title='bbox 1347 1143 1565 1189; x_wconf 79' lang='lat' dir='ltr'><strong>Adelaydem</strong></span> <span class='ocrx_word' id='word_1_167' title='bbox 1589 1146 1738 1185; x_wconf 90' lang='lat' dir='ltr'><strong>nomine,</strong></span> <span class='ocrx_word' id='word_1_168' title='bbox 1756 1152 1893 1188; x_wconf 88' lang='lat' dir='ltr'><strong>neptem</strong></span> <span class='ocrx_word' id='word_1_169' title='bbox 1910 1146 2013 1179; x_wconf 90' lang='lat' dir='ltr'><strong>Boni-</strong></span> 
     </span>
     <span class='ocr_line' id='line_1_18' title="bbox 165 1197 2013 1242; baseline 0 -11"><span class='ocrx_word' id='word_1_170' title='bbox 165 1198 259 1237; x_wconf 75' lang='lat' dir='ltr'><strong>facii,</strong></span> <span class='ocrx_word' id='word_1_171' title='bbox 283 1199 499 1232; x_wconf 82' lang='lat' dir='ltr'><strong>famosissimi</strong></span> <span class='ocrx_word' id='word_1_172' title='bbox 522 1199 683 1232; x_wconf 87' lang='lat' dir='ltr'><strong>Italorum</strong></span> <span class='ocrx_word' id='word_1_173' title='bbox 708 1198 918 1232; x_wconf 85' lang='lat' dir='ltr'><strong>marchionis</strong></span> <span class='ocrx_word' id='word_1_174' title='bbox 930 1197 939 1215; x_wconf 88' lang='lat'>¹</span> <span class='ocrx_word' id='word_1_175' title='bbox 957 1216 998 1221; x_wconf 86' lang='lat'><em>-</em></span> <span class='ocrx_word' id='word_1_176' title='bbox 1020 1198 1124 1232; x_wconf 88' lang='lat' dir='ltr'><strong>filiam</strong></span> <span class='ocrx_word' id='word_1_177' title='bbox 1141 1199 1306 1232; x_wconf 86' lang='lat' dir='ltr'><strong>videlicet</strong></span> <span class='ocrx_word' id='word_1_178' title='bbox 1322 1199 1440 1231; x_wconf 76' lang='lat' dir='ltr'><strong>fratris</strong></span> <span class='ocrx_word' id='word_1_179' title='bbox 1455 1198 1529 1231; x_wconf 89' lang='lat' dir='ltr'><strong>eius</strong></span> <span class='ocrx_word' id='word_1_180' title='bbox 1553 1217 1594 1222; x_wconf 86' lang='lat'><strong>—-</strong></span> <span class='ocrx_word' id='word_1_181' title='bbox 1610 1199 1829 1242; x_wconf 78' lang='lat' dir='ltr'><strong>juvenculam</strong></span> <span class='ocrx_word' id='word_1_182' title='bbox 1846 1200 2013 1232; x_wconf 83' lang='lat' dir='ltr'><strong>honestae</strong></span> 
     </span>
     <span class='ocr_line' id='line_1_19' title="bbox 164 1251 2014 1295; baseline 0.001 -11"><span class='ocrx_word' id='word_1_183' title='bbox 164 1251 350 1284; x_wconf 83' lang='lat' dir='ltr'><strong>admodum</strong></span> <span class='ocrx_word' id='word_1_184' title='bbox 373 1251 479 1284; x_wconf 75' lang='lat' dir='ltr'><strong>faciei</strong></span> <span class='ocrx_word' id='word_1_185' title='bbox 491 1264 501 1289; x_wconf 70' lang='grc' dir='ltr'><strong><em>ς</em></strong></span> <span class='ocrx_word' id='word_1_186' title='bbox 525 1251 679 1295; x_wconf 87' lang='lat' dir='ltr'><strong>duasque</strong></span> <span class='ocrx_word' id='word_1_187' title='bbox 702 1261 837 1285; x_wconf 84' lang='lat' dir='ltr'><strong>sorores</strong></span> <span class='ocrx_word' id='word_1_188' title='bbox 859 1251 1014 1284; x_wconf 87' lang='lat' dir='ltr'><strong>eiusdem</strong></span> <span class='ocrx_word' id='word_1_189' title='bbox 1037 1251 1174 1294; x_wconf 83' lang='lat' dir='ltr'><strong>puellae</strong></span> <span class='ocrx_word' id='word_1_190' title='bbox 1197 1251 1332 1284; x_wconf 89' lang='lat' dir='ltr'><strong>duobus</strong></span> <span class='ocrx_word' id='word_1_191' title='bbox 1354 1252 1434 1285; x_wconf 89' lang='lat' dir='ltr'><strong>filiis</strong></span> <span class='ocrx_word' id='word_1_192' title='bbox 1456 1252 1536 1291; x_wconf 86' lang='lat' dir='ltr'><strong>suis,</strong></span> <span class='ocrx_word' id='word_1_193' title='bbox 1561 1251 1751 1285; x_wconf 77' lang='lat' dir='ltr'><strong>Ga&#39;ufredo</strong></span> <span class='ocrx_word' id='word_1_194' title='bbox 1774 1253 1951 1292; x_wconf 89' lang='lat' dir='ltr'><strong>videlicet,</strong></span> <span class='ocrx_word' id='word_1_195' title='bbox 1979 1258 2014 1285; x_wconf 92' lang='lat' dir='ltr'><strong>et</strong></span> 
     </span>
     <span class='ocr_line' id='line_1_20' title="bbox 162 1303 2008 1350; baseline 0 -12"><span class='ocrx_word' id='word_1_196' title='bbox 162 1304 330 1348; x_wconf 75' lang='lat' dir='ltr'><strong>jordano,</strong></span> <span class='ocrx_word' id='word_1_197' title='bbox 354 1305 391 1337; x_wconf 87' lang='lat' dir='ltr'><strong>in</strong></span> <span class='ocrx_word' id='word_1_198' title='bbox 421 1305 672 1338; x_wconf 82' lang='lat' dir='ltr'><strong>matrimonium</strong></span> <span class='ocrx_word' id='word_1_199' title='bbox 703 1305 890 1348; x_wconf 84' lang='lat' dir='ltr'><strong>copulavit.</strong></span> <span class='ocrx_word' id='word_1_200' title='bbox 943 1303 1016 1338; x_wconf 88' lang='lat' dir='ltr'><strong>Sed</strong></span> <span class='ocrx_word' id='word_1_201' title='bbox 1047 1304 1257 1344; x_wconf 55' lang='lat' dir='ltr'><strong>(saun-edus,</strong></span> <span class='ocrx_word' id='word_1_202' title='bbox 1288 1310 1472 1348; x_wconf 86' lang='lat' dir='ltr'><strong>antequam</strong></span> <span class='ocrx_word' id='word_1_203' title='bbox 1504 1305 1657 1338; x_wconf 86' lang='lat' dir='ltr'><strong>nubiles&#39;</strong></span> <span class='ocrx_word' id='word_1_204' title='bbox 1689 1317 1797 1339; x_wconf 89' lang='lat' dir='ltr'><strong>annos</strong></span> <span class='ocrx_word' id='word_1_205' title='bbox 1827 1306 2008 1350; x_wconf 81' lang='lat' dir='ltr'><strong>attigisset,</strong></span> 
     </span>
     <span class='ocr_line' id='line_1_21' title="bbox 162 1357 2010 1403; baseline 0.001 -13"><span class='ocrx_word' id='word_1_206' title='bbox 162 1374 205 1382; x_wconf 86' lang='lat'>-</span> <span class='ocrx_word' id='word_1_207' title='bbox 227 1358 323 1401; x_wconf 90' lang='lat' dir='ltr'><strong>quod</strong></span> <span class='ocrx_word' id='word_1_208' title='bbox 346 1358 447 1392; x_wconf 91' lang='lat' dir='ltr'><strong>dolor</strong></span> <span class='ocrx_word' id='word_1_209' title='bbox 470 1364 523 1391; x_wconf 85' lang='lat' dir='ltr'><strong>est</strong></span> <span class='ocrx_word' id='word_1_210' title='bbox 546 1357 684 1391; x_wconf 71' lang='lat' dir='ltr'><strong>dicere!</strong></span> <span class='ocrx_word' id='word_1_211' title='bbox 721 1376 757 1382; x_wconf 95' lang='lat'>—</span> <span class='ocrx_word' id='word_1_212' title='bbox 788 1358 909 1391; x_wconf 89' lang='lat' dir='ltr'><strong>morbo</strong></span> <span class='ocrx_word' id='word_1_213' title='bbox 941 1357 1159 1400; x_wconf 87' lang='lat' dir='ltr'><strong>prohibente,</strong></span> <span class='ocrx_word' id='word_1_214' title='bbox 1191 1358 1330 1391; x_wconf 87' lang='lat' dir='ltr'><strong>minime</strong></span> <span class='ocrx_word' id='word_1_215' title='bbox 1362 1369 1438 1392; x_wconf 87' lang='lat' dir='ltr'><strong>eam</strong></span> <span class='ocrx_word' id='word_1_216' title='bbox 1470 1360 1645 1403; x_wconf 80' lang='lat' dir='ltr'><strong>cognovit.</strong></span> <span class='ocrx_word' id='word_1_217' title='bbox 1691 1360 1867 1403; x_wconf 87' lang='lat' dir='ltr'><strong>Jordanus</strong></span> <span class='ocrx_word' id='word_1_218' title='bbox 1897 1365 2010 1392; x_wconf 88' lang='lat' dir='ltr'><strong>autem</strong></span> 
     </span>
    </p>
   </div>
   <div class='ocr_carea' id='block_1_5' title="bbox 39 1407 662 1454">
    <p class='ocr_par' dir='ltr' id='par_1_8' title="bbox 39 1407 662 1454">
     <span class='ocr_line' id='line_1_22' title="bbox 39 1407 662 1454; baseline 0 -10"><span class='ocrx_word' id='word_1_219' title='bbox 39 1407 43 1424; x_wconf 76' lang='lat'>³</span> <span class='ocrx_word' id='word_1_220' title='bbox 100 1412 144 1444; x_wconf 88' lang='lat'><strong>20</strong></span> <span class='ocrx_word' id='word_1_221' title='bbox 166 1410 380 1444; x_wconf 87' lang='lat' dir='ltr'><strong>solemnibus</strong></span> <span class='ocrx_word' id='word_1_222' title='bbox 402 1412 530 1454; x_wconf 89' lang='lat' dir='ltr'><strong>nuptiis</strong></span> <span class='ocrx_word' id='word_1_223' title='bbox 554 1412 662 1444; x_wconf 85' lang='lat' dir='ltr'><strong>duxit.</strong></span> 
     </span>
    </p>
   </div>
   <div class='ocr_carea' id='block_1_6' title="bbox 100 1518 2016 1992">
    <p class='ocr_par' dir='ltr' id='par_1_9' title="bbox 253 1518 2015 1564">
     <span class='ocr_line' id='line_1_23' title="bbox 253 1518 2015 1564; baseline 0.001 -12"><span class='ocrx_word' id='word_1_224' title='bbox 253 1518 335 1553; x_wconf 91' lang='lat' dir='ltr'><strong>XV.</strong></span> <span class='ocrx_word' id='word_1_225' title='bbox 360 1538 401 1543; x_wconf 90' lang='lat'><strong>—</strong></span> <span class='ocrx_word' id='word_1_226' title='bbox 424 1520 533 1553; x_wconf 85' lang='lat' dir='ltr'><strong>Porro</strong></span> <span class='ocrx_word' id='word_1_227' title='bbox 557 1520 740 1559; x_wconf 87' lang='lat' dir='ltr'><strong>Notenses‚</strong></span> <span class='ocrx_word' id='word_1_228' title='bbox 762 1519 920 1553; x_wconf 83' lang='lat' dir='ltr'><strong>videntes</strong></span> <span class='ocrx_word' id='word_1_229' title='bbox 941 1529 1077 1553; x_wconf 89' lang='lat' dir='ltr'><strong>omnem</strong></span> <span class='ocrx_word' id='word_1_230' title='bbox 1101 1519 1255 1553; x_wconf 85' lang='lat' dir='ltr'><strong>Siciliam</strong></span> <span class='ocrx_word' id='word_1_231' title='bbox 1278 1519 1342 1552; x_wconf 87' lang='lat' dir='ltr'><strong>sub</strong></span> <span class='ocrx_word' id='word_1_232' title='bbox 1360 1520 1485 1553; x_wconf 89' lang='lat' dir='ltr'><strong>comite</strong></span> <span class='ocrx_word' id='word_1_233' title='bbox 1503 1527 1694 1560; x_wconf 86' lang='lat' dir='ltr'><strong>curvatam,</strong></span> <span class='ocrx_word' id='word_1_234' title='bbox 1711 1531 1855 1564; x_wconf 82' lang='lat' dir='ltr'><strong>seseque</strong></span> <span class='ocrx_word' id='word_1_235' title='bbox 1873 1521 2015 1554; x_wconf 87' lang='lat' dir='ltr'><strong>ulterius</strong></span> 
     </span>
    </p>

    <p class='ocr_par' dir='ltr' id='par_1_10' title="bbox 145 1573 2011 1618">
     <span class='ocr_line' id='line_1_24' title="bbox 145 1573 2011 1618; baseline 0.001 -12"><span class='ocrx_word' id='word_1_236' title='bbox 145 1573 339 1606; x_wconf 28' lang='lat' dir='ltr'><strong>*incassum</strong></span> <span class='ocrx_word' id='word_1_237' title='bbox 362 1573 531 1611; x_wconf 87' lang='lat' dir='ltr'><strong>resistere,</strong></span> <span class='ocrx_word' id='word_1_238' title='bbox 553 1573 700 1606; x_wconf 88' lang='lat' dir='ltr'><strong>scientes</strong></span> <span class='ocrx_word' id='word_1_239' title='bbox 722 1573 851 1606; x_wconf 77' lang='lat' dir='ltr'><strong>frustra</strong></span> <span class='ocrx_word' id='word_1_240' title='bbox 881 1573 942 1606; x_wconf 82' lang='lat' dir='ltr'><strong>niti</strong></span> <span class='ocrx_word' id='word_1_241' title='bbox 972 1573 1018 1606; x_wconf 87' lang='lat' dir='ltr'><strong>acl</strong></span> <span class='ocrx_word' id='word_1_242' title='bbox 1048 1579 1250 1612; x_wconf 85' lang='lat' dir='ltr'><strong>extremum,</strong></span> <span class='ocrx_word' id='word_1_243' title='bbox 1282 1573 1342 1612; x_wconf 90' lang='lat' dir='ltr'><strong>nil,</strong></span> <span class='ocrx_word' id='word_1_244' title='bbox 1374 1573 1440 1606; x_wconf 86' lang='lat' dir='ltr'><strong>nisi</strong></span> <span class='ocrx_word' id='word_1_245' title='bbox 1471 1574 1589 1607; x_wconf 88' lang='lat' dir='ltr'><strong>odium</strong></span> <span class='ocrx_word' id='word_1_246' title='bbox 1619 1573 1800 1618; x_wconf 76' lang='lat' dir='ltr'><strong>fatigando</strong></span> <span class='ocrx_word' id='word_1_247' title='bbox 1832 1584 2011 1618; x_wconf 88' lang='lat' dir='ltr'><strong>quaerere,</strong></span> 
     </span>
    </p>

    <p class='ocr_par' dir='ltr' id='par_1_11' title="bbox 165 1626 2013 1672">
     <span class='ocr_line' id='line_1_25' title="bbox 165 1626 2013 1672; baseline 0.001 -12"><span class='ocrx_word' id='word_1_248' title='bbox 165 1631 342 1660; x_wconf 86' lang='lat' dir='ltr'><strong>extremae</strong></span> <span class='ocrx_word' id='word_1_249' title='bbox 365 1626 560 1661; x_wconf 88' lang='lat' dir='ltr'><strong>dementiae</strong></span> <span class='ocrx_word' id='word_1_250' title='bbox 583 1637 669 1666; x_wconf 88' lang='lat' dir='ltr'><strong>esse,</strong></span> <span class='ocrx_word' id='word_1_251' title='bbox 693 1626 837 1660; x_wconf 86' lang='lat' dir='ltr'><strong>consilio</strong></span> <span class='ocrx_word' id='word_1_252' title='bbox 852 1627 947 1672; x_wconf 14' lang='lat' dir='ltr'><strong>*inter</strong></span> <span class='ocrx_word' id='word_1_253' title='bbox 969 1638 1006 1660; x_wconf 88' lang='lat' dir='ltr'><strong>se</strong></span> <span class='ocrx_word' id='word_1_254' title='bbox 1029 1627 1158 1666; x_wconf 89' lang='lat' dir='ltr'><strong>habito,</strong></span> <span class='ocrx_word' id='word_1_255' title='bbox 1183 1627 1298 1660; x_wconf 88' lang='lat' dir='ltr'><strong>comiti</strong></span> <span class='ocrx_word' id='word_1_256' title='bbox 1322 1626 1546 1660; x_wconf 87' lang='lat' dir='ltr'><strong>reconciliari</strong></span> <span class='ocrx_word' id='word_1_257' title='bbox 1564 1627 1649 1660; x_wconf 89' lang='lat' dir='ltr'><strong>utile</strong></span> <span class='ocrx_word' id='word_1_258' title='bbox 1665 1627 1807 1665; x_wconf 75' lang='lat' dir='ltr'><strong>ducunt,</strong></span> <span class='ocrx_word' id='word_1_259' title='bbox 1853 1628 2013 1671; x_wconf 89' lang='lat' dir='ltr'><strong>Denique</strong></span> 
     </span>
    </p>

    <p class='ocr_par' dir='ltr' id='par_1_12' title="bbox 166 1681 2015 1726">
     <span class='ocr_line' id='line_1_26' title="bbox 166 1681 2015 1726; baseline 0 -12"><span class='ocrx_word' id='word_1_260' title='bbox 166 1682 212 1714; x_wconf 87' lang='lat' dir='ltr'><strong>de</strong></span> <span class='ocrx_word' id='word_1_261' title='bbox 233 1691 270 1715; x_wconf 85' lang='lat' dir='ltr'><strong>se</strong></span> <span class='ocrx_word' id='word_1_262' title='bbox 292 1681 375 1724; x_wconf 86' lang='lat' dir='ltr'><strong>ipsis</strong></span> <span class='ocrx_word' id='word_1_263' title='bbox 397 1682 530 1725; x_wconf 85' lang='lat' dir='ltr'><strong>legatos</strong></span> <span class='ocrx_word' id='word_1_264' title='bbox 553 1681 731 1725; x_wconf 84' lang='lat' dir='ltr'><strong>eligentes,</strong></span> <span class='ocrx_word' id='word_1_265' title='bbox 755 1681 802 1714; x_wconf 81' lang='lat' dir='ltr'><strong>ad</strong></span> <span class='ocrx_word' id='word_1_266' title='bbox 824 1681 986 1714; x_wconf 86' lang='lat' dir='ltr'><strong>comitem</strong></span> <span class='ocrx_word' id='word_1_267' title='bbox 1008 1681 1173 1726; x_wconf 87' lang='lat' dir='ltr'><strong>dirigunt,</strong></span> <span class='ocrx_word' id='word_1_268' title='bbox 1197 1681 1257 1724; x_wconf 88' lang='lat' dir='ltr'><strong>qui</strong></span> <span class='ocrx_word' id='word_1_269' title='bbox 1273 1682 1369 1724; x_wconf 89' lang='lat' dir='ltr'><strong>apud</strong></span> <span class='ocrx_word' id='word_1_270' title='bbox 1383 1681 1555 1720; x_wconf 89' lang='lat' dir='ltr'><strong>Melitum,</strong></span> <span class='ocrx_word' id='word_1_271' title='bbox 1578 1681 1638 1714; x_wconf 91' lang='lat' dir='ltr'><strong>ubi</strong></span> <span class='ocrx_word' id='word_1_272' title='bbox 1661 1687 1744 1715; x_wconf 88' lang='lat' dir='ltr'><strong>tunc</strong></span> <span class='ocrx_word' id='word_1_273' title='bbox 1768 1691 1885 1715; x_wconf 89' lang='lat' dir='ltr'><strong>comes</strong></span> <span class='ocrx_word' id='word_1_274' title='bbox 1900 1693 2015 1715; x_wconf 87' lang='lat' dir='ltr'><strong>mora-</strong></span> 
     </span>
    </p>

    <p class='ocr_par' dir='ltr' id='par_1_13' title="bbox 100 1733 2012 1777">
     <span class='ocr_line' id='line_1_27' title="bbox 100 1733 2012 1777; baseline 0.001 -10"><span class='ocrx_word' id='word_1_275' title='bbox 100 1733 142 1767; x_wconf 88' lang='lat'><strong>25</strong></span> <span class='ocrx_word' id='word_1_276' title='bbox 165 1733 276 1773; x_wconf 86' lang='lat' dir='ltr'><strong>batur,</strong></span> <span class='ocrx_word' id='word_1_277' title='bbox 300 1734 519 1772; x_wconf 85' lang='lat' dir='ltr'><strong>accedentes,</strong></span> <span class='ocrx_word' id='word_1_278' title='bbox 543 1744 667 1777; x_wconf 84' lang='lat' dir='ltr'><strong>pacem</strong></span> <span class='ocrx_word' id='word_1_279' title='bbox 690 1734 839 1772; x_wconf 76' lang='lat' dir='ltr'><strong>faciunt3</strong></span> <span class='ocrx_word' id='word_1_280' title='bbox 863 1743 954 1768; x_wconf 87' lang='lat' dir='ltr'><strong>anno</strong></span> <span class='ocrx_word' id='word_1_281' title='bbox 976 1734 1181 1768; x_wconf 80' lang='lat' dir='ltr'><strong>Dominicae</strong></span> <span class='ocrx_word' id='word_1_282' title='bbox 1204 1733 1467 1768; x_wconf 85' lang='lat' dir='ltr'><strong>incarnationis&#39;</strong></span> <span class='ocrx_word' id='word_1_283' title='bbox 1497 1734 1602 1768; x_wconf 91' lang='lat' dir='ltr'><strong>MXC</strong></span> <span class='ocrx_word' id='word_1_284' title='bbox 1616 1734 1639 1774; x_wconf 76' lang='lat'><strong>²,</strong></span> <span class='ocrx_word' id='word_1_285' title='bbox 1675 1734 1854 1768; x_wconf 74' lang='lat' dir='ltr'><strong>februario</strong></span> <span class='ocrx_word' id='word_1_286' title='bbox 1885 1746 2012 1768; x_wconf 86' lang='lat' dir='ltr'><strong>mense.</strong></span> 
     </span>
    </p>

    <p class='ocr_par' dir='ltr' id='par_1_14' title="bbox 254 1787 2016 1832">
     <span class='ocr_line' id='line_1_28' title="bbox 254 1787 2016 1832; baseline -0.001 -10"><span class='ocrx_word' id='word_1_287' title='bbox 254 1787 381 1822; x_wconf 88' lang='lat' dir='ltr'><strong>Comes</strong></span> <span class='ocrx_word' id='word_1_288' title='bbox 402 1788 518 1831; x_wconf 86' lang='lat' dir='ltr'><strong>itaque</strong></span> <span class='ocrx_word' id='word_1_289' title='bbox 543 1797 684 1820; x_wconf 87' lang='lat' dir='ltr'><strong>censum</strong></span> <span class='ocrx_word' id='word_1_290' title='bbox 707 1787 854 1821; x_wconf 87' lang='lat' dir='ltr'><strong>duorum</strong></span> <span class='ocrx_word' id='word_1_291' title='bbox 868 1797 1034 1821; x_wconf 85' lang='lat' dir='ltr'><strong>annorum</strong></span> <span class='ocrx_word' id='word_1_292' title='bbox 1054 1787 1126 1821; x_wconf 87' lang='lat' dir='ltr'><strong>illis</strong></span> <span class='ocrx_word' id='word_1_293' title='bbox 1142 1788 1355 1828; x_wconf 88' lang='lat' dir='ltr'><strong>condonans,</strong></span> <span class='ocrx_word' id='word_1_294' title='bbox 1370 1788 1572 1832; x_wconf 84' lang='lat' dir='ltr'><strong>Jordanum,</strong></span> <span class='ocrx_word' id='word_1_295' title='bbox 1588 1788 1694 1821; x_wconf 88' lang='lat' dir='ltr'><strong>filium</strong></span> <span class='ocrx_word' id='word_1_296' title='bbox 1710 1799 1820 1828; x_wconf 90' lang='lat' dir='ltr'><strong>suum,</strong></span> <span class='ocrx_word' id='word_1_297' title='bbox 1837 1788 1894 1821; x_wconf 91' lang='lat' dir='ltr'><strong>cui</strong></span> <span class='ocrx_word' id='word_1_298' title='bbox 1911 1788 2016 1822; x_wconf 88' lang='lat' dir='ltr'><strong>etiam</strong></span> 
     </span>
    </p>

    <p class='ocr_par' dir='ltr' id='par_1_15' title="bbox 166 1840 2016 1886">
     <span class='ocr_line' id='line_1_29' title="bbox 166 1840 2016 1886; baseline 0.001 -11"><span class='ocrx_word' id='word_1_299' title='bbox 166 1847 293 1875; x_wconf 84' lang='lat' dir='ltr'><strong>terram</strong></span> <span class='ocrx_word' id='word_1_300' title='bbox 316 1846 352 1874; x_wconf 90' lang='lat' dir='ltr'><strong>et</strong></span> <span class='ocrx_word' id='word_1_301' title='bbox 372 1851 514 1875; x_wconf 87' lang='lat' dir='ltr'><strong>uxorem</strong></span> <span class='ocrx_word' id='word_1_302' title='bbox 537 1841 695 1879; x_wconf 90' lang='lat' dir='ltr'><strong>dederat,</strong></span> <span class='ocrx_word' id='word_1_303' title='bbox 717 1845 755 1873; x_wconf 87' lang='lat' dir='ltr'><strong>ut</strong></span> <span class='ocrx_word' id='word_1_304' title='bbox 778 1840 909 1880; x_wconf 86' lang='lat' dir='ltr'><strong>urbem,</strong></span> <span class='ocrx_word' id='word_1_305' title='bbox 930 1841 1015 1884; x_wconf 86' lang='lat' dir='ltr'><strong>ipsis</strong></span> <span class='ocrx_word' id='word_1_306' title='bbox 1030 1841 1251 1881; x_wconf 87' lang='lat' dir='ltr'><strong>dedentibus,</strong></span> <span class='ocrx_word' id='word_1_307' title='bbox 1267 1841 1425 1884; x_wconf 87' lang='lat' dir='ltr'><strong>recipiat,</strong></span> <span class='ocrx_word' id='word_1_308' title='bbox 1443 1852 1523 1874; x_wconf 91' lang='lat' dir='ltr'><strong>cum</strong></span> <span class='ocrx_word' id='word_1_309' title='bbox 1538 1842 1622 1885; x_wconf 85' lang='lat' dir='ltr'><strong>ipsis</strong></span> <span class='ocrx_word' id='word_1_310' title='bbox 1637 1842 1755 1875; x_wconf 87' lang='lat' dir='ltr'><strong>mittit:</strong></span> <span class='ocrx_word' id='word_1_311' title='bbox 1780 1843 1851 1886; x_wconf 91' lang='lat' dir='ltr'><strong>qui,</strong></span> <span class='ocrx_word' id='word_1_312' title='bbox 1876 1852 1896 1874; x_wconf 83' lang='lat' dir='ltr'><strong>a</strong></span> <span class='ocrx_word' id='word_1_313' title='bbox 1918 1848 2016 1885; x_wconf 87' lang='lat' dir='ltr'><strong>patre</strong></span> 
     </span>
    </p>

    <p class='ocr_par' dir='ltr' id='par_1_16' title="bbox 166 1893 2015 1992">
     <span class='ocr_line' id='line_1_30' title="bbox 166 1893 2015 1939; baseline 0 -11"><span class='ocrx_word' id='word_1_314' title='bbox 166 1895 323 1934; x_wconf 84' lang='lat' dir='ltr'><strong>edoctus,</strong></span> <span class='ocrx_word' id='word_1_315' title='bbox 345 1894 432 1928; x_wconf 90' lang='lat' dir='ltr'><strong>urbe</strong></span> <span class='ocrx_word' id='word_1_316' title='bbox 454 1899 627 1937; x_wconf 83' lang='lat' dir='ltr'><strong>suscepta,</strong></span> <span class='ocrx_word' id='word_1_317' title='bbox 652 1893 795 1927; x_wconf 87' lang='lat' dir='ltr'><strong>castello</strong></span> <span class='ocrx_word' id='word_1_318' title='bbox 818 1894 938 1934; x_wconf 85' lang='lat' dir='ltr'><strong>munit,</strong></span> <span class='ocrx_word' id='word_1_319' title='bbox 961 1904 1094 1938; x_wconf 84' lang='lat' dir='ltr'><strong>proque</strong></span> <span class='ocrx_word' id='word_1_320' title='bbox 1117 1894 1216 1928; x_wconf 87' lang='lat' dir='ltr'><strong>libitu</strong></span> <span class='ocrx_word' id='word_1_321' title='bbox 1239 1904 1302 1927; x_wconf 90' lang='lat' dir='ltr'><strong>suo</strong></span> <span class='ocrx_word' id='word_1_322' title='bbox 1325 1895 1360 1926; x_wconf 89' lang='lat' dir='ltr'><strong>in</strong></span> <span class='ocrx_word' id='word_1_323' title='bbox 1384 1895 1493 1938; x_wconf 86' lang='lat' dir='ltr'><strong>patris</strong></span> <span class='ocrx_word' id='word_1_324' title='bbox 1515 1895 1683 1931; x_wconf 85' lang='lat' dir='ltr'><strong>fidelitate</strong></span> <span class='ocrx_word' id='word_1_325' title='bbox 1708 1896 1870 1939; x_wconf 88' lang='lat' dir='ltr'><strong>disponit.</strong></span> <span class='ocrx_word' id='word_1_326' title='bbox 1917 1895 2015 1929; x_wconf 85' lang='lat' dir='ltr'><strong>Uxor</strong></span> 
     </span>
     <span class='ocr_line' id='line_1_31' title="bbox 166 1946 1138 1992; baseline 0 -11"><span class='ocrx_word' id='word_1_327' title='bbox 166 1954 280 1982; x_wconf 84' lang='lat' dir='ltr'><strong>autem</strong></span> <span class='ocrx_word' id='word_1_328' title='bbox 302 1946 478 1981; x_wconf 84' lang='lat' dir='ltr'><strong>Benarvet</strong></span> <span class='ocrx_word' id='word_1_329' title='bbox 502 1957 580 1980; x_wconf 88' lang='lat' dir='ltr'><strong>cum</strong></span> <span class='ocrx_word' id='word_1_330' title='bbox 604 1946 674 1980; x_wconf 91' lang='lat' dir='ltr'><strong>filio</strong></span> <span class='ocrx_word' id='word_1_331' title='bbox 698 1946 733 1979; x_wconf 88' lang='lat' dir='ltr'><strong>in</strong></span> <span class='ocrx_word' id='word_1_332' title='bbox 761 1947 920 1980; x_wconf 85' lang='lat' dir='ltr'><strong>Africam</strong></span> <span class='ocrx_word' id='word_1_333' title='bbox 942 1947 1138 1992; x_wconf 77' lang='lat' dir='ltr'><strong>transfugit.</strong></span> 
     </span>
    </p>
   </div>
   <div class='ocr_carea' id='block_1_7' title="bbox 169 2060 2016 2139">
    <p class='ocr_par' dir='ltr' id='par_1_17' title="bbox 169 2060 2016 2139">
     <span class='ocr_line' id='line_1_32' title="bbox 257 2060 2014 2095; baseline 0.001 -9"><span class='ocrx_word' id='word_1_334' title='bbox 257 2068 283 2086; x_wconf 82' lang='lat'><strong>2.</strong></span> <span class='ocrx_word' id='word_1_335' title='bbox 302 2061 374 2086; x_wconf 84' lang='lat' dir='ltr'><strong>illud</strong></span> <span class='ocrx_word' id='word_1_336' title='bbox 393 2061 501 2086; x_wconf 73' lang='lat' dir='ltr'><strong>schIma</strong></span> <span class='ocrx_word' id='word_1_337' title='bbox 518 2067 568 2086; x_wconf 74' lang='lat' dir='ltr'><strong>om.</strong></span> <span class='ocrx_word' id='word_1_338' title='bbox 587 2061 616 2086; x_wconf 81' lang='lat' dir='ltr'><em>P</em></span> <span class='ocrx_word' id='word_1_339' title='bbox 631 2073 664 2078; x_wconf 91' lang='lat'><strong>—</strong></span> <span class='ocrx_word' id='word_1_340' title='bbox 683 2068 708 2092; x_wconf 87' lang='lat'><strong>4.</strong></span> <span class='ocrx_word' id='word_1_341' title='bbox 726 2060 898 2086; x_wconf 76' lang='lat' dir='ltr'><strong>auctenticis</strong></span> <span class='ocrx_word' id='word_1_342' title='bbox 916 2061 944 2085; x_wconf 87' lang='lat' dir='ltr'><em>P</em></span> <span class='ocrx_word' id='word_1_343' title='bbox 960 2073 993 2079; x_wconf 81' lang='lat'><em>-</em></span> <span class='ocrx_word' id='word_1_344' title='bbox 1013 2068 1038 2094; x_wconf 80' lang='grc'><strong>5.</strong></span> <span class='ocrx_word' id='word_1_345' title='bbox 1057 2062 1190 2087; x_wconf 78' lang='lat' dir='ltr'><strong>assentiri</strong></span> <span class='ocrx_word' id='word_1_346' title='bbox 1208 2069 1258 2087; x_wconf 84' lang='lat' dir='ltr'><strong>om.</strong></span> <span class='ocrx_word' id='word_1_347' title='bbox 1276 2062 1339 2087; x_wconf 88' lang='lat' dir='ltr'><strong>BD</strong></span> <span class='ocrx_word' id='word_1_348' title='bbox 1358 2077 1390 2081; x_wconf 88' lang='lat'><strong>-—</strong></span> <span class='ocrx_word' id='word_1_349' title='bbox 1410 2061 1434 2086; x_wconf 84' lang='grc'><strong>6.</strong></span> <span class='ocrx_word' id='word_1_350' title='bbox 1456 2062 1555 2088; x_wconf 83' lang='lat' dir='ltr'><strong>debeat</strong></span> <span class='ocrx_word' id='word_1_351' title='bbox 1575 2063 1603 2087; x_wconf 86' lang='lat' dir='ltr'><em>P</em></span> <span class='ocrx_word' id='word_1_352' title='bbox 1619 2076 1651 2079; x_wconf 86' lang='lat'>—</span> <span class='ocrx_word' id='word_1_353' title='bbox 1674 2069 1713 2088; x_wconf 82' lang='lat'><strong>10.</strong></span> <span class='ocrx_word' id='word_1_354' title='bbox 1734 2070 1836 2095; x_wconf 86' lang='lat' dir='ltr'><strong>papam</strong></span> <span class='ocrx_word' id='word_1_355' title='bbox 1855 2070 1905 2087; x_wconf 78' lang='lat' dir='ltr'><strong>om.</strong></span> <span class='ocrx_word' id='word_1_356' title='bbox 1924 2063 1986 2087; x_wconf 87' lang='lat' dir='ltr'><strong>BD</strong></span> <span class='ocrx_word' id='word_1_357' title='bbox 2006 2076 2014 2081; x_wconf 92' lang='lat'><em>-</em></span> 
     </span>
     <span class='ocr_line' id='line_1_33' title="bbox 169 2102 2016 2139; baseline 0.001 -10"><span class='ocrx_word' id='word_1_358' title='bbox 169 2103 295 2130; x_wconf 80' lang='lat' dir='ltr'><strong>denariis</strong></span> <span class='ocrx_word' id='word_1_359' title='bbox 312 2103 339 2128; x_wconf 85' lang='lat' dir='ltr'><em>B</em></span> <span class='ocrx_word' id='word_1_360' title='bbox 357 2116 391 2123; x_wconf 88' lang='lat'>—</span> <span class='ocrx_word' id='word_1_361' title='bbox 410 2110 451 2136; x_wconf 84' lang='lat'><strong>¹4·</strong></span> <span class='ocrx_word' id='word_1_362' title='bbox 469 2103 648 2137; x_wconf 84' lang='lat' dir='ltr'><strong>Elemburga,</strong></span> <span class='ocrx_word' id='word_1_363' title='bbox 665 2103 694 2128; x_wconf 82' lang='lat' dir='ltr'><em>P</em></span> <span class='ocrx_word' id='word_1_364' title='bbox 710 2115 744 2121; x_wconf 85' lang='lat'>—</span> <span class='ocrx_word' id='word_1_365' title='bbox 772 2108 813 2134; x_wconf 79' lang='grc' dir='ltr'><strong>ις.</strong></span> <span class='ocrx_word' id='word_1_366' title='bbox 835 2102 1044 2130; x_wconf 70' lang='lat' dir='ltr'><strong>Meritoneuuls</strong></span> <span class='ocrx_word' id='word_1_367' title='bbox 1071 2105 1094 2129; x_wconf 90' lang='lat' dir='ltr'><strong><em>C</em></strong></span> <span class='ocrx_word' id='word_1_368' title='bbox 1118 2118 1151 2122; x_wconf 89' lang='lat'>—</span> <span class='ocrx_word' id='word_1_369' title='bbox 1179 2110 1219 2137; x_wconf 86' lang='lat'><strong>17.</strong></span> <span class='ocrx_word' id='word_1_370' title='bbox 1245 2103 1373 2130; x_wconf 73' lang='lat' dir='ltr'><strong>Gon-edo</strong></span> <span class='ocrx_word' id='word_1_371' title='bbox 1397 2105 1437 2135; x_wconf 78' lang='lat' dir='ltr'><strong>P3</strong></span> <span class='ocrx_word' id='word_1_372' title='bbox 1463 2104 1596 2130; x_wconf 84' lang='lat' dir='ltr'><strong>Goffrldo</strong></span> <span class='ocrx_word' id='word_1_373' title='bbox 1614 2105 1650 2130; x_wconf 87' lang='lat' dir='ltr'><strong>D.</strong></span> <span class='ocrx_word' id='word_1_374' title='bbox 1683 2106 1728 2130; x_wconf 81' lang='lat' dir='ltr'><strong>Da</strong></span> <span class='ocrx_word' id='word_1_375' title='bbox 1747 2104 1904 2139; x_wconf 73' lang='lat' dir='ltr'><strong>Galufredo</strong></span> <span class='ocrx_word' id='word_1_376' title='bbox 1923 2113 2016 2131; x_wconf 77' lang='lat' dir='ltr'><strong>manca</strong></span> 
     </span>
    </p>
   </div>
   <div class='ocr_carea' id='block_1_8' title="bbox 168 2145 2017 2220">
    <p class='ocr_par' dir='ltr' id='par_1_18' title="bbox 168 2145 2017 2220">
     <span class='ocr_line' id='line_1_34' title="bbox 168 2145 2017 2187; baseline 0.001 -15"><span class='ocrx_word' id='word_1_377' title='bbox 168 2147 308 2172; x_wconf 69' lang='lat' dir='ltr'><strong>nau-‘antem</strong></span> <span class='ocrx_word' id='word_1_378' title='bbox 316 2147 420 2179; x_wconf 64' lang='lat' dir='ltr'><strong>pagina</strong></span> <span class='ocrx_word' id='word_1_379' title='bbox 432 2145 478 2171; x_wconf 72' lang='lat' dir='ltr'><strong>nul</strong></span> <span class='ocrx_word' id='word_1_380' title='bbox 491 2145 612 2171; x_wconf 75' lang='lat' dir='ltr'><strong>codloeB</strong></span> <span class='ocrx_word' id='word_1_381' title='bbox 623 2145 678 2176; x_wconf 75' lang='lat' dir='ltr'><strong>fino</strong></span> <span class='ocrx_word' id='word_1_382' title='bbox 696 2153 712 2169; x_wconf 84' lang='lat' dir='ltr'><strong>a</strong></span> <span class='ocrx_word' id='word_1_383' title='bbox 733 2145 826 2171; x_wconf 77' lang='lat' dir='ltr'><strong>millia</strong></span> <span class='ocrx_word' id='word_1_384' title='bbox 843 2145 881 2178; x_wconf 53' lang='grc' dir='ltr'><strong>(ρ.</strong></span> <span class='ocrx_word' id='word_1_385' title='bbox 898 2146 941 2179; x_wconf 82' lang='lat'><strong>96,</strong></span> <span class='ocrx_word' id='word_1_386' title='bbox 955 2145 1005 2171; x_wconf 70' lang='lat' dir='ltr'><strong>lin.</strong></span> <span class='ocrx_word' id='word_1_387' title='bbox 1017 2145 1058 2180; x_wconf 69' lang='grc'><strong>13)</strong></span> <span class='ocrx_word' id='word_1_388' title='bbox 1071 2160 1104 2165; x_wconf 83' lang='lat'><em>-</em></span> <span class='ocrx_word' id='word_1_389' title='bbox 1125 2153 1211 2180; x_wconf 82' lang='lat'><strong>22-23.</strong></span> <span class='ocrx_word' id='word_1_390' title='bbox 1232 2148 1351 2172; x_wconf 84' lang='lat' dir='ltr'><strong>scientes</strong></span> <span class='ocrx_word' id='word_1_391' title='bbox 1364 2166 1369 2187; x_wconf 72' lang='lat'>5</span> <span class='ocrx_word' id='word_1_392' title='bbox 1381 2167 1386 2172; x_wconf 88' lang='lat'><strong>.</strong></span> <span class='ocrx_word' id='word_1_393' title='bbox 1397 2164 1423 2173; x_wconf 89' lang='lat'><strong>..</strong></span> <span class='ocrx_word' id='word_1_394' title='bbox 1443 2147 1584 2172; x_wconf 80' lang='lat' dir='ltr'><strong>dementia</strong></span> <span class='ocrx_word' id='word_1_395' title='bbox 1597 2155 1656 2172; x_wconf 81' lang='lat' dir='ltr'><strong>esse</strong></span> <span class='ocrx_word' id='word_1_396' title='bbox 1669 2155 1717 2173; x_wconf 82' lang='lat' dir='ltr'><strong>om.</strong></span> <span class='ocrx_word' id='word_1_397' title='bbox 1736 2148 1796 2172; x_wconf 81' lang='lat' dir='ltr'><strong>PC</strong></span> <span class='ocrx_word' id='word_1_398' title='bbox 1808 2161 1839 2166; x_wconf 90' lang='lat'><strong>—-</strong></span> <span class='ocrx_word' id='word_1_399' title='bbox 1855 2154 1896 2179; x_wconf 79' lang='lat'><strong>²3.</strong></span> <span class='ocrx_word' id='word_1_400' title='bbox 1916 2149 2017 2173; x_wconf 76' lang='lat' dir='ltr'><strong>dicunt</strong></span> 
     </span>
     <span class='ocr_line' id='line_1_35' title="bbox 170 2188 600 2220; baseline -0.005 -6"><span class='ocrx_word' id='word_1_401' title='bbox 170 2188 200 2214; x_wconf 86' lang='lat' dir='ltr'><em>D</em></span> <span class='ocrx_word' id='word_1_402' title='bbox 217 2201 250 2207; x_wconf 95' lang='lat'>—</span> <span class='ocrx_word' id='word_1_403' title='bbox 269 2195 311 2220; x_wconf 81' lang='lat'><strong>²4-</strong></span> <span class='ocrx_word' id='word_1_404' title='bbox 332 2189 408 2213; x_wconf 77' lang='lat' dir='ltr'><strong>inter</strong></span> <span class='ocrx_word' id='word_1_405' title='bbox 427 2195 455 2212; x_wconf 85' lang='lat' dir='ltr'><strong>se</strong></span> <span class='ocrx_word' id='word_1_406' title='bbox 474 2188 552 2220; x_wconf 78' lang='lat' dir='ltr'><strong>ipsos</strong></span> <span class='ocrx_word' id='word_1_407' title='bbox 571 2188 600 2212; x_wconf 89' lang='lat' dir='ltr'><em>D</em></span> 
     </span>
    </p>
   </div>
   <div class='ocr_carea' id='block_1_9' title="bbox 0 0 101 3418">
    <p class='ocr_par' dir='ltr' id='par_1_19' title="bbox 0 0 101 3418">
     <span class='ocr_line' id='line_1_36' title="bbox 0 0 101 3418; baseline 0 0"><span class='ocrx_word' id='word_1_408' title='bbox 0 0 101 3418; x_wconf 95' lang='lat' dir='ltr'><strong> </strong></span> 
     </span>
    </p>
   </div>
   <div class='ocr_carea' id='block_1_10' title="bbox 59 2290 1067 2913">
    <p class='ocr_par' dir='ltr' id='par_1_20' title="bbox 59 2290 1067 2913">
     <span class='ocr_line' id='line_1_37' title="bbox 125 2290 1060 2326; baseline -0.003 -8"><span class='ocrx_word' id='word_1_409' title='bbox 125 2299 139 2326; x_wconf 80' lang='lat'><strong>5</strong></span> <span class='ocrx_word' id='word_1_410' title='bbox 256 2290 265 2308; x_wconf 83' lang='lat'><strong>¹</strong></span> <span class='ocrx_word' id='word_1_411' title='bbox 282 2291 404 2318; x_wconf 78' lang='lat' dir='ltr'><strong>Intorno</strong></span> <span class='ocrx_word' id='word_1_412' title='bbox 422 2299 440 2317; x_wconf 79' lang='lat' dir='ltr'><strong>a</strong></span> <span class='ocrx_word' id='word_1_413' title='bbox 458 2293 555 2324; x_wconf 82' lang='lat' dir='ltr'><strong>questa</strong></span> <span class='ocrx_word' id='word_1_414' title='bbox 575 2293 652 2316; x_wconf 81' lang='lat' dir='ltr'><strong>terza</strong></span> <span class='ocrx_word' id='word_1_415' title='bbox 677 2291 781 2324; x_wconf 79' lang='lat' dir='ltr'><strong>moglie</strong></span> <span class='ocrx_word' id='word_1_416' title='bbox 806 2291 851 2316; x_wconf 89' lang='lat' dir='ltr'><strong>del</strong></span> <span class='ocrx_word' id='word_1_417' title='bbox 877 2293 961 2316; x_wconf 84' lang='lat' dir='ltr'><strong>conte</strong></span> <span class='ocrx_word' id='word_1_418' title='bbox 986 2291 1060 2326; x_wconf 80' lang='lat' dir='ltr'><strong>Rug-</strong></span> 
     </span>
     <span class='ocr_line' id='line_1_38' title="bbox 166 2333 1060 2368; baseline 0 -9"><span class='ocrx_word' id='word_1_419' title='bbox 166 2334 254 2368; x_wconf 79' lang='lat' dir='ltr'><strong>glero,</strong></span> <span class='ocrx_word' id='word_1_420' title='bbox 274 2334 325 2360; x_wconf 85' lang='lat' dir='ltr'><strong>che</strong></span> <span class='ocrx_word' id='word_1_421' title='bbox 344 2334 374 2359; x_wconf 71' lang='lat' dir='ltr'><strong>{u</strong></span> <span class='ocrx_word' id='word_1_422' title='bbox 393 2333 533 2359; x_wconf 79' lang='lat' dir='ltr'><strong>Adelnlde</strong></span> <span class='ocrx_word' id='word_1_423' title='bbox 551 2333 627 2359; x_wconf 84' lang='lat' dir='ltr'><strong>della</strong></span> <span class='ocrx_word' id='word_1_424' title='bbox 646 2340 710 2358; x_wconf 79' lang='lat' dir='ltr'><strong>cass.</strong></span> <span class='ocrx_word' id='word_1_425' title='bbox 731 2333 902 2362; x_wconf 65' lang='lat' dir='ltr'><strong>Alei-amica,</strong></span> <span class='ocrx_word' id='word_1_426' title='bbox 926 2333 1005 2367; x_wconf 77' lang='lat' dir='ltr'><strong>figlla</strong></span> <span class='ocrx_word' id='word_1_427' title='bbox 1030 2334 1060 2360; x_wconf 82' lang='lat' dir='ltr'><strong>di</strong></span> 
     </span>
     <span class='ocr_line' id='line_1_39' title="bbox 166 2375 1061 2408; baseline 0 -6"><span class='ocrx_word' id='word_1_428' title='bbox 166 2375 318 2405; x_wconf 58' lang='lat' dir='ltr'><strong>Mansredh</strong></span> <span class='ocrx_word' id='word_1_429' title='bbox 344 2376 366 2400; x_wconf 83' lang='lat' dir='ltr'><strong>u</strong></span> <span class='ocrx_word' id='word_1_430' title='bbox 393 2375 510 2401; x_wconf 69' lang='lat' dir='ltr'><strong>fratello</strong></span> <span class='ocrx_word' id='word_1_431' title='bbox 535 2375 581 2400; x_wconf 89' lang='lat' dir='ltr'><strong>del</strong></span> <span class='ocrx_word' id='word_1_432' title='bbox 608 2375 719 2401; x_wconf 75' lang='lat' dir='ltr'><strong>famoso</strong></span> <span class='ocrx_word' id='word_1_433' title='bbox 744 2383 758 2400; x_wconf 88' lang='lat' dir='ltr'><strong>e</strong></span> <span class='ocrx_word' id='word_1_434' title='bbox 783 2377 903 2408; x_wconf 80' lang='lat' dir='ltr'><strong>potente</strong></span> <span class='ocrx_word' id='word_1_435' title='bbox 922 2376 1061 2402; x_wconf 73' lang='lat' dir='ltr'><strong>marehete</strong></span> 
     </span>
     <span class='ocr_line' id='line_1_40' title="bbox 165 2416 1066 2448; baseline 0 -4"><span class='ocrx_word' id='word_1_436' title='bbox 165 2418 318 2445; x_wconf 70' lang='lat' dir='ltr'><strong>Bonlfulo</strong></span> <span class='ocrx_word' id='word_1_437' title='bbox 344 2418 390 2444; x_wconf 83' lang='lat' dir='ltr'><strong>del</strong></span> <span class='ocrx_word' id='word_1_438' title='bbox 414 2417 512 2448; x_wconf 78' lang='lat' dir='ltr'><strong>Vasto,</strong></span> <span class='ocrx_word' id='word_1_439' title='bbox 538 2416 582 2443; x_wconf 70' lang='lat' dir='ltr'><strong>v’e</strong></span> <span class='ocrx_word' id='word_1_440' title='bbox 600 2419 675 2444; x_wconf 80' lang='lat' dir='ltr'><strong>tutta</strong></span> <span class='ocrx_word' id='word_1_441' title='bbox 694 2424 750 2443; x_wconf 80' lang='lat' dir='ltr'><strong>uns</strong></span> <span class='ocrx_word' id='word_1_442' title='bbox 770 2418 945 2444; x_wconf 66' lang='lat' dir='ltr'><strong>letteratura.</strong></span> <span class='ocrx_word' id='word_1_443' title='bbox 981 2418 1036 2444; x_wconf 77' lang='lat' dir='ltr'><strong>Fra</strong></span> <span class='ocrx_word' id='word_1_444' title='bbox 1055 2419 1066 2444; x_wconf 83' lang='lat' dir='ltr'><strong>i</strong></span> 
     </span>
     <span class='ocr_line' id='line_1_41' title="bbox 165 2459 1066 2493; baseline 0 -6"><span class='ocrx_word' id='word_1_445' title='bbox 165 2462 240 2487; x_wconf 74' lang='lat' dir='ltr'><strong>tanti</strong></span> <span class='ocrx_word' id='word_1_446' title='bbox 260 2459 346 2491; x_wconf 79' lang='lat' dir='ltr'><strong>studi,</strong></span> <span class='ocrx_word' id='word_1_447' title='bbox 371 2462 409 2486; x_wconf 87' lang='lat' dir='ltr'><strong>mi</strong></span> <span class='ocrx_word' id='word_1_448' title='bbox 429 2460 527 2486; x_wconf 84' lang='lat' dir='ltr'><strong>limito</strong></span> <span class='ocrx_word' id='word_1_449' title='bbox 547 2461 676 2486; x_wconf 85' lang='lat' dir='ltr'><strong>soltanto</strong></span> <span class='ocrx_word' id='word_1_450' title='bbox 696 2467 713 2485; x_wconf 82' lang='lat' dir='ltr'><strong>a</strong></span> <span class='ocrx_word' id='word_1_451' title='bbox 732 2461 892 2486; x_wconf 77' lang='lat' dir='ltr'><strong>ricordare:</strong></span> <span class='ocrx_word' id='word_1_452' title='bbox 912 2461 944 2486; x_wconf 81' lang='lat' dir='ltr'><strong>F.</strong></span> <span class='ocrx_word' id='word_1_453' title='bbox 963 2460 1066 2493; x_wconf 64' lang='lat' dir='ltr'><strong>Sauo,</strong></span> 
     </span>
     <span class='ocr_line' id='line_1_42' title="bbox 166 2501 1067 2533; baseline 0 -5"><span class='ocrx_word' id='word_1_454' title='bbox 166 2502 194 2527; x_wconf 82' lang='lat'><strong>11</strong></span> <span class='ocrx_word' id='word_1_455' title='bbox 209 2502 340 2528; x_wconf 69' lang='lat' dir='ltr'><strong>nantum</strong></span> <span class='ocrx_word' id='word_1_456' title='bbox 358 2501 498 2533; x_wconf 64' lang='lat' dir='ltr'><strong>Bonifatio</strong></span> <span class='ocrx_word' id='word_1_457' title='bbox 515 2502 561 2527; x_wconf 80' lang='lat' dir='ltr'><strong>del</strong></span> <span class='ocrx_word' id='word_1_458' title='bbox 580 2503 653 2527; x_wconf 66' lang='lat' dir='ltr'><strong>Vasco</strong></span> <span class='ocrx_word' id='word_1_459' title='bbox 665 2510 678 2526; x_wconf 83' lang='lat' dir='ltr'><strong>e</strong></span> <span class='ocrx_word' id='word_1_460' title='bbox 690 2501 816 2527; x_wconf 73' lang='lat' dir='ltr'><strong>Adetasta</strong></span> <span class='ocrx_word' id='word_1_461' title='bbox 829 2504 944 2527; x_wconf 71' lang='lat' dir='ltr'><strong>emma</strong></span> <span class='ocrx_word' id='word_1_462' title='bbox 954 2502 987 2528; x_wconf 69' lang='lat' dir='ltr'><strong>dt</strong></span> <span class='ocrx_word' id='word_1_463' title='bbox 995 2502 1067 2528; x_wconf 69' lang='lat' dir='ltr'><strong>Sici-</strong></span> 
     </span>
     <span class='ocr_line' id='line_1_43' title="bbox 168 2543 1064 2575; baseline -0.001 -4"><span class='ocrx_word' id='word_1_464' title='bbox 168 2546 219 2575; x_wconf 70' lang='lat' dir='ltr'><strong>lia,</strong></span> <span class='ocrx_word' id='word_1_465' title='bbox 238 2546 269 2570; x_wconf 87' lang='lat' dir='ltr'><strong>ln</strong></span> <span class='ocrx_word' id='word_1_466' title='bbox 294 2545 375 2570; x_wconf 75' lang='lat' dir='ltr'><strong>Atti</strong></span> <span class='ocrx_word' id='word_1_467' title='bbox 395 2544 496 2570; x_wconf 79' lang='lat' dir='ltr'><strong>della</strong></span> <span class='ocrx_word' id='word_1_468' title='bbox 515 2543 556 2569; x_wconf 90' lang='lat' dir='ltr'><strong>R.</strong></span> <span class='ocrx_word' id='word_1_469' title='bbox 576 2544 713 2569; x_wconf 75' lang='lat' dir='ltr'><strong>Accad.</strong></span> <span class='ocrx_word' id='word_1_470' title='bbox 740 2544 838 2569; x_wconf 87' lang='lat' dir='ltr'><strong>delle</strong></span> <span class='ocrx_word' id='word_1_471' title='bbox 855 2543 1011 2570; x_wconf 73' lang='lat' dir='ltr'><strong>Scienze</strong></span> <span class='ocrx_word' id='word_1_472' title='bbox 1030 2546 1064 2570; x_wconf 86' lang='lat' dir='ltr'><strong>di</strong></span> 
     </span>
     <span class='ocr_line' id='line_1_44' title="bbox 167 2585 1065 2619; baseline 0 -7"><span class='ocrx_word' id='word_1_473' title='bbox 167 2586 323 2616; x_wconf 73' lang='lat' dir='ltr'><strong>Tou-luo.</strong></span> <span class='ocrx_word' id='word_1_474' title='bbox 343 2587 400 2612; x_wconf 89' lang='lat' dir='ltr'><strong>vol.</strong></span> <span class='ocrx_word' id='word_1_475' title='bbox 421 2586 500 2613; x_wconf 80' lang='lat' dir='ltr'><strong>xxn</strong></span> <span class='ocrx_word' id='word_1_476' title='bbox 518 2585 678 2618; x_wconf 83' lang='lat'><strong>(1886-&#39;87).</strong></span> <span class='ocrx_word' id='word_1_477' title='bbox 698 2594 725 2619; x_wconf 88' lang='lat' dir='ltr'><strong>p.</strong></span> <span class='ocrx_word' id='word_1_478' title='bbox 745 2586 778 2618; x_wconf 94' lang='lat'><strong>87</strong></span> <span class='ocrx_word' id='word_1_479' title='bbox 799 2593 893 2619; x_wconf 79' lang='lat' dir='ltr'><strong>sgg.,e</strong></span> <span class='ocrx_word' id='word_1_480' title='bbox 912 2585 944 2612; x_wconf 90' lang='lat' dir='ltr'><strong>C.</strong></span> <span class='ocrx_word' id='word_1_481' title='bbox 959 2587 994 2612; x_wconf 77' lang='lat' dir='ltr'><strong>A.</strong></span> <span class='ocrx_word' id='word_1_482' title='bbox 1009 2587 1065 2612; x_wconf 67' lang='lat' dir='ltr'><strong>GA-</strong></span> 
     </span>
     <span class='ocr_line' id='line_1_45' title="bbox 166 2627 1066 2662; baseline -0.002 -6"><span class='ocrx_word' id='word_1_483' title='bbox 166 2636 245 2660; x_wconf 68' lang='lat' dir='ltr'><strong>RUFI,</strong></span> <span class='ocrx_word' id='word_1_484' title='bbox 261 2629 412 2659; x_wconf 64' lang='lat' dir='ltr'><strong>Addo-alac,</strong></span> <span class='ocrx_word' id='word_1_485' title='bbox 433 2630 521 2662; x_wconf 60' lang='lat' dir='ltr'><strong>sipon</strong></span> <span class='ocrx_word' id='word_1_486' title='bbox 539 2629 570 2653; x_wconf 64' lang='lat' dir='ltr'><strong>dl·</strong></span> <span class='ocrx_word' id='word_1_487' title='bbox 591 2628 732 2660; x_wconf 65' lang='lat' dir='ltr'><strong>Bonifatio</strong></span> <span class='ocrx_word' id='word_1_488' title='bbox 751 2628 795 2653; x_wconf 68' lang='lat' dir='ltr'><strong>del</strong></span> <span class='ocrx_word' id='word_1_489' title='bbox 816 2627 892 2654; x_wconf 74' lang='lat' dir='ltr'><strong>Vasta</strong></span> <span class='ocrx_word' id='word_1_490' title='bbox 909 2636 923 2653; x_wconf 77' lang='lat' dir='ltr'><strong>e</strong></span> <span class='ocrx_word' id='word_1_491' title='bbox 944 2629 1066 2662; x_wconf 77' lang='lat' dir='ltr'><strong>Goffndo</strong></span> 
     </span>
     <span class='ocr_line' id='line_1_46' title="bbox 65 2670 1066 2705; baseline -0.001 -8.006"><span class='ocrx_word' id='word_1_492' title='bbox 65 2683 73 2699; x_wconf 62' lang='grc' dir='ltr'>ι</span> <span class='ocrx_word' id='word_1_493' title='bbox 163 2670 290 2705; x_wconf 64' lang='lat' dir='ltr'><strong>felicule</strong></span> <span class='ocrx_word' id='word_1_494' title='bbox 314 2671 359 2695; x_wconf 79' lang='lat' dir='ltr'><strong>ael</strong></span> <span class='ocrx_word' id='word_1_495' title='bbox 383 2670 458 2696; x_wconf 71' lang='lat' dir='ltr'><strong>Gran</strong></span> <span class='ocrx_word' id='word_1_496' title='bbox 485 2670 565 2696; x_wconf 70' lang='lat' dir='ltr'><strong>Gonu</strong></span> <span class='ocrx_word' id='word_1_497' title='bbox 590 2670 733 2704; x_wconf 52' lang='grc' dir='ltr'><strong>ἄναρμα-ο,</strong></span> <span class='ocrx_word' id='word_1_498' title='bbox 754 2672 783 2696; x_wconf 78' lang='lat' dir='ltr'><strong>in</strong></span> <span class='ocrx_word' id='word_1_499' title='bbox 804 2670 1030 2697; x_wconf 83' lang='lat' dir='ltr'><strong>Rendicontl</strong></span> <span class='ocrx_word' id='word_1_500' title='bbox 1051 2680 1066 2696; x_wconf 90' lang='lat' dir='ltr'><strong>e</strong></span> 
     </span>
     <span class='ocr_line' id='line_1_47' title="bbox 59 2710 1066 2747; baseline 0 -10"><span class='ocrx_word' id='word_1_501' title='bbox 59 2710 70 2745; x_wconf 67' lang='grc' dir='ltr'>ξ</span> <span class='ocrx_word' id='word_1_502' title='bbox 112 2719 141 2747; x_wconf 78' lang='lat'><strong>15</strong></span> <span class='ocrx_word' id='word_1_503' title='bbox 167 2711 343 2737; x_wconf 81' lang='lat' dir='ltr'><strong>Memorle</strong></span> <span class='ocrx_word' id='word_1_504' title='bbox 356 2711 457 2737; x_wconf 86' lang='lat' dir='ltr'><strong>della</strong></span> <span class='ocrx_word' id='word_1_505' title='bbox 475 2711 515 2736; x_wconf 88' lang='lat' dir='ltr'><strong>R.</strong></span> <span class='ocrx_word' id='word_1_506' title='bbox 530 2711 665 2736; x_wconf 74' lang='lat' dir='ltr'><strong>Aecad.</strong></span> <span class='ocrx_word' id='word_1_507' title='bbox 679 2712 713 2735; x_wconf 86' lang='lat' dir='ltr'><strong>di</strong></span> <span class='ocrx_word' id='word_1_508' title='bbox 729 2710 895 2740; x_wconf 78' lang='lat' dir='ltr'><strong>Scienze‚</strong></span> <span class='ocrx_word' id='word_1_509' title='bbox 916 2711 1066 2737; x_wconf 78' lang='lat' dir='ltr'><strong>Lettere</strong></span> 
     </span>
     <span class='ocr_line' id='line_1_48' title="bbox 170 2753 1065 2784; baseline 0 -5"><span class='ocrx_word' id='word_1_510' title='bbox 170 2753 209 2779; x_wconf 88' lang='lat' dir='ltr'><strong>ed</strong></span> <span class='ocrx_word' id='word_1_511' title='bbox 227 2755 312 2780; x_wconf 77' lang='lat' dir='ltr'><strong>Artl</strong></span> <span class='ocrx_word' id='word_1_512' title='bbox 332 2755 388 2779; x_wconf 88' lang='lat' dir='ltr'><strong>del</strong></span> <span class='ocrx_word' id='word_1_513' title='bbox 409 2754 557 2779; x_wconf 80' lang='lat' dir='ltr'><strong>Zelanti</strong></span> <span class='ocrx_word' id='word_1_514' title='bbox 579 2754 614 2778; x_wconf 87' lang='lat' dir='ltr'><strong>di</strong></span> <span class='ocrx_word' id='word_1_515' title='bbox 636 2754 822 2783; x_wconf 78' lang='lat' dir='ltr'><strong>Acii-eale,</strong></span> <span class='ocrx_word' id='word_1_516' title='bbox 843 2754 900 2778; x_wconf 85' lang='lat' dir='ltr'><strong>vol.</strong></span> <span class='ocrx_word' id='word_1_517' title='bbox 919 2753 967 2784; x_wconf 82' lang='lat' dir='ltr'><strong>IV,</strong></span> <span class='ocrx_word' id='word_1_518' title='bbox 986 2754 1065 2780; x_wconf 83' lang='lat' dir='ltr'><strong>S.111</strong></span> 
     </span>
     <span class='ocr_line' id='line_1_49' title="bbox 168 2795 1066 2830; baseline 0 -8"><span class='ocrx_word' id='word_1_519' title='bbox 168 2795 270 2830; x_wconf 78' lang='lat' dir='ltr'><strong>(alasse</strong></span> <span class='ocrx_word' id='word_1_520' title='bbox 282 2797 313 2822; x_wconf 84' lang='lat' dir='ltr'><strong>dl</strong></span> <span class='ocrx_word' id='word_1_521' title='bbox 325 2795 457 2829; x_wconf 84' lang='lat' dir='ltr'><strong>Lettere),</strong></span> <span class='ocrx_word' id='word_1_522' title='bbox 471 2804 498 2830; x_wconf 87' lang='lat' dir='ltr'><strong>p.</strong></span> <span class='ocrx_word' id='word_1_523' title='bbox 514 2795 561 2828; x_wconf 79' lang='lat'><strong>185</strong></span> <span class='ocrx_word' id='word_1_524' title='bbox 583 2804 642 2830; x_wconf 80' lang='lat' dir='ltr'><strong>sgg.</strong></span> <span class='ocrx_word' id='word_1_525' title='bbox 680 2796 702 2820; x_wconf 84' lang='lat'><strong>11</strong></span> <span class='ocrx_word' id='word_1_526' title='bbox 724 2795 829 2825; x_wconf 79' lang='lat' dir='ltr'><strong>Garufi,</strong></span> <span class='ocrx_word' id='word_1_527' title='bbox 849 2797 1002 2822; x_wconf 79' lang='lat' dir='ltr'><strong>basandosl</strong></span> <span class='ocrx_word' id='word_1_528' title='bbox 1021 2804 1066 2822; x_wconf 82' lang='lat' dir='ltr'><strong>so·</strong></span> 
     </span>
     <span class='ocr_line' id='line_1_50' title="bbox 169 2838 1066 2872; baseline 0.001 -9"><span class='ocrx_word' id='word_1_529' title='bbox 169 2845 220 2871; x_wconf 82' lang='lat' dir='ltr'><strong>pra</strong></span> <span class='ocrx_word' id='word_1_530' title='bbox 244 2846 281 2863; x_wconf 87' lang='lat' dir='ltr'><strong>un</strong></span> <span class='ocrx_word' id='word_1_531' title='bbox 307 2838 437 2872; x_wconf 83' lang='lat' dir='ltr'><strong>dlploma</strong></span> <span class='ocrx_word' id='word_1_532' title='bbox 462 2839 506 2864; x_wconf 82' lang='lat' dir='ltr'><strong>del</strong></span> <span class='ocrx_word' id='word_1_533' title='bbox 536 2838 601 2871; x_wconf 82' lang='lat'>1087</span> <span class='ocrx_word' id='word_1_534' title='bbox 628 2839 673 2863; x_wconf 82' lang='lat' dir='ltr'><strong>del</strong></span> <span class='ocrx_word' id='word_1_535' title='bbox 700 2838 858 2862; x_wconf 74' lang='lat' dir='ltr'><strong>&#39;rabulatio</strong></span> <span class='ocrx_word' id='word_1_536' title='bbox 879 2838 955 2863; x_wconf 72' lang='lat' dir='ltr'><strong>della</strong></span> <span class='ocrx_word' id='word_1_537' title='bbox 980 2840 1066 2864; x_wconf 82' lang='lat' dir='ltr'><strong>catte-</strong></span> 
     </span>
     <span class='ocr_line' id='line_1_51' title="bbox 169 2879 1067 2913; baseline 0 -7"><span class='ocrx_word' id='word_1_538' title='bbox 169 2881 248 2906; x_wconf 77' lang='lat' dir='ltr'><strong>drale</strong></span> <span class='ocrx_word' id='word_1_539' title='bbox 266 2881 297 2906; x_wconf 85' lang='lat' dir='ltr'><strong>dl</strong></span> <span class='ocrx_word' id='word_1_540' title='bbox 321 2880 445 2906; x_wconf 77' lang='lat' dir='ltr'><strong>Messlna</strong></span> <span class='ocrx_word' id='word_1_541' title='bbox 471 2894 503 2899; x_wconf 90' lang='lat'><strong>-·</strong></span> <span class='ocrx_word' id='word_1_542' title='bbox 530 2882 558 2905; x_wconf 84' lang='lat' dir='ltr'><strong>in</strong></span> <span class='ocrx_word' id='word_1_543' title='bbox 585 2881 631 2905; x_wconf 86' lang='lat' dir='ltr'><strong>cui</strong></span> <span class='ocrx_word' id='word_1_544' title='bbox 658 2881 678 2905; x_wconf 84' lang='lat' dir='ltr'><strong>il</strong></span> <span class='ocrx_word' id='word_1_545' title='bbox 706 2881 790 2905; x_wconf 80' lang='lat' dir='ltr'><strong>conte</strong></span> <span class='ocrx_word' id='word_1_546' title='bbox 816 2880 962 2913; x_wconf 79' lang='lat' dir='ltr'><strong>Rugglero</strong></span> <span class='ocrx_word' id='word_1_547' title='bbox 981 2879 1067 2906; x_wconf 77' lang='lat' dir='ltr'><strong>‘una</strong></span> 
     </span>
    </p>
   </div>
   <div class='ocr_carea' id='block_1_11' title="bbox 64 2513 142 2531">
    <p class='ocr_par' dir='ltr' id='par_1_21' title="bbox 64 2513 142 2531">
     <span class='ocr_line' id='line_1_52' title="bbox 64 2513 142 2531; baseline 0 0"><span class='ocrx_word' id='word_1_548' title='bbox 64 2516 65 2520; x_wconf 67' lang='lat'>¹</span> <span class='ocrx_word' id='word_1_549' title='bbox 111 2513 142 2531; x_wconf 88' lang='lat'><strong>10</strong></span> 
     </span>
    </p>
   </div>
   <div class='ocr_carea' id='block_1_12' title="bbox 27 2909 1066 2956">
    <p class='ocr_par' dir='ltr' id='par_1_22' title="bbox 27 2909 1066 2956">
     <span class='ocr_line' id='line_1_53' title="bbox 27 2909 1066 2956; baseline 0 -8"><span class='ocrx_word' id='word_1_550' title='bbox 27 2909 31 2941; x_wconf 47' lang='grc' dir='ltr'><strong>ζ’</strong></span> <span class='ocrx_word' id='word_1_551' title='bbox 73 2941 76 2943; x_wconf 86' lang='lat'><em>-</em></span> <span class='ocrx_word' id='word_1_552' title='bbox 112 2928 145 2948; x_wconf 70' lang='grc' dir='ltr'><strong>πο</strong></span> <span class='ocrx_word' id='word_1_553' title='bbox 173 2922 259 2948; x_wconf 73' lang='lat' dir='ltr'><strong>“cum</strong></span> <span class='ocrx_word' id='word_1_554' title='bbox 278 2923 400 2956; x_wconf 77' lang='lat' dir='ltr'><strong>coniuge</strong></span> <span class='ocrx_word' id='word_1_555' title='bbox 419 2930 479 2948; x_wconf 83' lang='lat' dir='ltr'><strong>mea</strong></span> <span class='ocrx_word' id='word_1_556' title='bbox 497 2922 634 2951; x_wconf 67' lang='lat' dir='ltr'><strong>AdelltIa,</strong></span> <span class='ocrx_word' id='word_1_557' title='bbox 647 2922 717 2947; x_wconf 79' lang='lat' dir='ltr'><strong>fillis</strong></span> <span class='ocrx_word' id='word_1_558' title='bbox 732 2923 799 2947; x_wconf 79' lang='lat' dir='ltr'><strong>meis</strong></span> <span class='ocrx_word' id='word_1_559' title='bbox 820 2921 955 2947; x_wconf 77' lang='lat' dir='ltr'><strong>Goffredo</strong></span> <span class='ocrx_word' id='word_1_560' title='bbox 967 2922 1066 2955; x_wconf 84' lang='lat' dir='ltr'><strong>etJor·</strong></span> 
     </span>
    </p>
   </div>
   <div class='ocr_carea' id='block_1_13' title="bbox 171 2964 1067 3040">
    <p class='ocr_par' dir='ltr' id='par_1_23' title="bbox 171 2964 1067 3040">
     <span class='ocr_line' id='line_1_54' title="bbox 174 2964 1065 2996; baseline 0 -6"><span class='ocrx_word' id='word_1_561' title='bbox 174 2964 282 2996; x_wconf 77' lang='lat' dir='ltr'><strong>“dano,</strong></span> <span class='ocrx_word' id='word_1_562' title='bbox 300 2967 328 2990; x_wconf 77' lang='lat' dir='ltr'><strong>et</strong></span> <span class='ocrx_word' id='word_1_563' title='bbox 347 2972 409 2990; x_wconf 84' lang='lat' dir='ltr'><strong>cum</strong></span> <span class='ocrx_word' id='word_1_564' title='bbox 429 2965 528 2990; x_wconf 81' lang='lat' dir='ltr'><strong>multis</strong></span> <span class='ocrx_word' id='word_1_565' title='bbox 546 2964 703 2990; x_wconf 78' lang='lat' dir='ltr'><strong>baronibus</strong></span> <span class='ocrx_word' id='word_1_566' title='bbox 721 2966 750 2989; x_wconf 86' lang='lat' dir='ltr'><strong>et</strong></span> <span class='ocrx_word' id='word_1_567' title='bbox 768 2964 898 2990; x_wconf 80' lang='lat' dir='ltr'><strong>fidelibus</strong></span> <span class='ocrx_word' id='word_1_568' title='bbox 923 2965 1014 2996; x_wconf 80' lang='lat' dir='ltr'><strong>meis„</strong></span> <span class='ocrx_word' id='word_1_569' title='bbox 1038 2965 1065 2990; x_wconf 74' lang='lat' dir='ltr'><strong>fa</strong></span> 
     </span>
     <span class='ocr_line' id='line_1_55' title="bbox 171 3006 1067 3040; baseline 0.001 -8"><span class='ocrx_word' id='word_1_570' title='bbox 171 3014 228 3033; x_wconf 78' lang='lat' dir='ltr'><strong>una</strong></span> <span class='ocrx_word' id='word_1_571' title='bbox 238 3006 399 3032; x_wconf 77' lang='lat' dir='ltr'><strong>donazlone</strong></span> <span class='ocrx_word' id='word_1_572' title='bbox 408 3007 464 3032; x_wconf 75' lang='lat' dir='ltr'><strong>alla</strong></span> <span class='ocrx_word' id='word_1_573' title='bbox 475 3007 552 3033; x_wconf 79' lang='lat' dir='ltr'><strong>detta</strong></span> <span class='ocrx_word' id='word_1_574' title='bbox 566 3007 662 3032; x_wconf 78' lang='lat' dir='ltr'><strong>chiesa</strong></span> <span class='ocrx_word' id='word_1_575' title='bbox 676 3007 724 3040; x_wconf 76' lang='lat' dir='ltr'><strong>(cs.</strong></span> <span class='ocrx_word' id='word_1_576' title='bbox 738 3007 923 3038; x_wconf 58' lang='lat' dir='ltr'><strong>sunnam,</strong></span> <span class='ocrx_word' id='word_1_577' title='bbox 933 3008 996 3032; x_wconf 71' lang='lat' dir='ltr'><strong>Duc.</strong></span> <span class='ocrx_word' id='word_1_578' title='bbox 1009 3009 1067 3037; x_wconf 75' lang='lat' dir='ltr'><strong>eie..</strong></span> 
     </span>
    </p>
   </div>
   <div class='ocr_carea' id='block_1_14' title="bbox 1115 2292 2018 3044">
    <p class='ocr_par' dir='ltr' id='par_1_24' title="bbox 1115 2292 2018 2790">
     <span class='ocr_line' id='line_1_56' title="bbox 1115 2292 2016 2327; baseline 0.001 -10"><span class='ocrx_word' id='word_1_579' title='bbox 1115 2292 1142 2318; x_wconf 91' lang='lat' dir='ltr'><strong>S.</strong></span> <span class='ocrx_word' id='word_1_580' title='bbox 1160 2292 1188 2317; x_wconf 83' lang='lat'><strong>1:</strong></span> <span class='ocrx_word' id='word_1_581' title='bbox 1207 2293 1297 2326; x_wconf 64' lang='lat' dir='ltr'><strong>Dipl„</strong></span> <span class='ocrx_word' id='word_1_582' title='bbox 1318 2294 1375 2318; x_wconf 83' lang='lat' dir='ltr'><strong>vol.</strong></span> <span class='ocrx_word' id='word_1_583' title='bbox 1396 2294 1416 2322; x_wconf 86' lang='grc' dir='ltr'><strong>Ι,</strong></span> <span class='ocrx_word' id='word_1_584' title='bbox 1437 2301 1484 2327; x_wconf 86' lang='lat' dir='ltr'><strong>pp.</strong></span> <span class='ocrx_word' id='word_1_585' title='bbox 1507 2293 1570 2325; x_wconf 84' lang='lat'>1-2)‚</span> <span class='ocrx_word' id='word_1_586' title='bbox 1591 2307 1624 2311; x_wconf 83' lang='lat'>-</span> <span class='ocrx_word' id='word_1_587' title='bbox 1645 2294 1780 2318; x_wconf 83' lang='lat' dir='ltr'><strong>vorrebbe</strong></span> <span class='ocrx_word' id='word_1_588' title='bbox 1806 2293 1966 2318; x_wconf 80' lang='lat' dir='ltr'><strong>modificare</strong></span> <span class='ocrx_word' id='word_1_589' title='bbox 1989 2294 2016 2318; x_wconf 82' lang='lat' dir='ltr'><strong>la</strong></span> 
     </span>
     <span class='ocr_line' id='line_1_57' title="bbox 1116 2333 2014 2368; baseline 0 -9"><span class='ocrx_word' id='word_1_590' title='bbox 1116 2333 1182 2359; x_wconf 85' lang='lat' dir='ltr'><strong>data</strong></span> <span class='ocrx_word' id='word_1_591' title='bbox 1201 2334 1247 2360; x_wconf 86' lang='lat' dir='ltr'><strong>del</strong></span> <span class='ocrx_word' id='word_1_592' title='bbox 1270 2334 1345 2367; x_wconf 78' lang='lat'><strong>1089,</strong></span> <span class='ocrx_word' id='word_1_593' title='bbox 1367 2335 1480 2360; x_wconf 80' lang='lat' dir='ltr'><strong>riferlta</strong></span> <span class='ocrx_word' id='word_1_594' title='bbox 1499 2335 1548 2360; x_wconf 81' lang='lat' dir='ltr'><strong>dal</strong></span> <span class='ocrx_word' id='word_1_595' title='bbox 1567 2335 1620 2361; x_wconf 87' lang='lat' dir='ltr'><strong>M.:</strong></span> <span class='ocrx_word' id='word_1_596' title='bbox 1641 2336 1720 2360; x_wconf 74' lang='lat' dir='ltr'><strong>ossio.</strong></span> <span class='ocrx_word' id='word_1_597' title='bbox 1739 2335 1880 2368; x_wconf 76' lang='lat' dir='ltr'><strong>riportare</strong></span> <span class='ocrx_word' id='word_1_598' title='bbox 1900 2335 1926 2359; x_wconf 82' lang='lat' dir='ltr'><strong>al</strong></span> <span class='ocrx_word' id='word_1_599' title='bbox 1948 2334 2014 2366; x_wconf 86' lang='lat'><em>1087</em></span> 
     </span>
     <span class='ocr_line' id='line_1_58' title="bbox 1117 2376 2015 2410; baseline 0 -8"><span class='ocrx_word' id='word_1_600' title='bbox 1117 2377 1159 2410; x_wconf 80' lang='lat' dir='ltr'><strong>gli</strong></span> <span class='ocrx_word' id='word_1_601' title='bbox 1178 2377 1308 2410; x_wconf 82' lang='lat' dir='ltr'><strong>sponsali</strong></span> <span class='ocrx_word' id='word_1_602' title='bbox 1327 2377 1372 2402; x_wconf 90' lang='lat' dir='ltr'><strong>del</strong></span> <span class='ocrx_word' id='word_1_603' title='bbox 1392 2379 1476 2402; x_wconf 84' lang='lat' dir='ltr'><strong>conte</strong></span> <span class='ocrx_word' id='word_1_604' title='bbox 1494 2384 1549 2402; x_wconf 90' lang='lat' dir='ltr'><strong>con</strong></span> <span class='ocrx_word' id='word_1_605' title='bbox 1569 2377 1717 2409; x_wconf 81' lang='lat' dir='ltr'><strong>Adelaide,</strong></span> <span class='ocrx_word' id='word_1_606' title='bbox 1738 2377 1772 2402; x_wconf 88' lang='lat' dir='ltr'><strong>ed</strong></span> <span class='ocrx_word' id='word_1_607' title='bbox 1791 2378 1819 2402; x_wconf 84' lang='lat' dir='ltr'><strong>al</strong></span> <span class='ocrx_word' id='word_1_608' title='bbox 1843 2376 1909 2410; x_wconf 83' lang='lat'>1089</span> <span class='ocrx_word' id='word_1_609' title='bbox 1927 2377 2015 2409; x_wconf 84' lang='lat' dir='ltr'><strong>quelli</strong></span> 
     </span>
     <span class='ocr_line' id='line_1_59' title="bbox 1119 2418 2015 2450; baseline 0.001 -7"><span class='ocrx_word' id='word_1_610' title='bbox 1119 2418 1147 2443; x_wconf 88' lang='lat' dir='ltr'><strong>dl</strong></span> <span class='ocrx_word' id='word_1_611' title='bbox 1167 2418 1317 2445; x_wconf 74' lang='lat' dir='ltr'><strong>Glordano</strong></span> <span class='ocrx_word' id='word_1_612' title='bbox 1336 2427 1390 2445; x_wconf 89' lang='lat' dir='ltr'><strong>con</strong></span> <span class='ocrx_word' id='word_1_613' title='bbox 1411 2420 1439 2444; x_wconf 82' lang='lat' dir='ltr'><strong>ls.</strong></span> <span class='ocrx_word' id='word_1_614' title='bbox 1458 2420 1565 2445; x_wconf 83' lang='lat' dir='ltr'><strong>sorella</strong></span> <span class='ocrx_word' id='word_1_615' title='bbox 1583 2419 1659 2445; x_wconf 85' lang='lat' dir='ltr'><strong>della</strong></span> <span class='ocrx_word' id='word_1_616' title='bbox 1672 2421 1760 2445; x_wconf 79' lang='lat' dir='ltr'><strong>stessa</strong></span> <span class='ocrx_word' id='word_1_617' title='bbox 1773 2419 1921 2445; x_wconf 83' lang='lat' dir='ltr'><strong>Adelaide.</strong></span> <span class='ocrx_word' id='word_1_618' title='bbox 1960 2420 2015 2450; x_wconf 84' lang='lat' dir='ltr'><strong>Ma,</strong></span> 
     </span>
     <span class='ocr_line' id='line_1_60' title="bbox 1117 2461 2017 2494; baseline 0.001 -9"><span class='ocrx_word' id='word_1_619' title='bbox 1117 2467 1172 2486; x_wconf 81' lang='lat' dir='ltr'><strong>ove</strong></span> <span class='ocrx_word' id='word_1_620' title='bbox 1184 2462 1210 2486; x_wconf 83' lang='lat' dir='ltr'><strong>sl</strong></span> <span class='ocrx_word' id='word_1_621' title='bbox 1222 2462 1305 2494; x_wconf 88' lang='lat' dir='ltr'><strong>pensi</strong></span> <span class='ocrx_word' id='word_1_622' title='bbox 1318 2461 1368 2487; x_wconf 85' lang='lat' dir='ltr'><strong>che</strong></span> <span class='ocrx_word' id='word_1_623' title='bbox 1381 2462 1404 2487; x_wconf 84' lang='grc'><strong>11</strong></span> <span class='ocrx_word' id='word_1_624' title='bbox 1419 2469 1541 2487; x_wconf 83' lang='lat' dir='ltr'><strong>vescovo</strong></span> <span class='ocrx_word' id='word_1_625' title='bbox 1554 2462 1585 2487; x_wconf 83' lang='lat' dir='ltr'><strong>di</strong></span> <span class='ocrx_word' id='word_1_626' title='bbox 1598 2462 1731 2490; x_wconf 76' lang='lat' dir='ltr'><strong>Messius.</strong></span> <span class='ocrx_word' id='word_1_627' title='bbox 1746 2462 1880 2490; x_wconf 83' lang='lat' dir='ltr'><strong>Roberto,</strong></span> <span class='ocrx_word' id='word_1_628' title='bbox 1892 2462 1918 2486; x_wconf 78' lang='lat' dir='ltr'><strong>al</strong></span> <span class='ocrx_word' id='word_1_629' title='bbox 1933 2462 2017 2494; x_wconf 83' lang='lat' dir='ltr'><strong>quale</strong></span> 
     </span>
     <span class='ocr_line' id='line_1_61' title="bbox 1118 2501 2016 2536; baseline 0 -8"><span class='ocrx_word' id='word_1_630' title='bbox 1118 2501 1133 2528; x_wconf 70' lang='grc' dir='ltr'>ὲ</span> <span class='ocrx_word' id='word_1_631' title='bbox 1153 2503 1225 2528; x_wconf 77' lang='lat' dir='ltr'><strong>satta</strong></span> <span class='ocrx_word' id='word_1_632' title='bbox 1245 2504 1273 2529; x_wconf 86' lang='lat' dir='ltr'><strong>la</strong></span> <span class='ocrx_word' id='word_1_633' title='bbox 1292 2506 1480 2530; x_wconf 77' lang='lat' dir='ltr'><strong>suaccennata</strong></span> <span class='ocrx_word' id='word_1_634' title='bbox 1494 2504 1655 2530; x_wconf 82' lang='lat' dir='ltr'><strong>donazlone</strong></span> <span class='ocrx_word' id='word_1_635' title='bbox 1668 2504 1696 2529; x_wconf 85' lang='lat' dir='ltr'><strong>di</strong></span> <span class='ocrx_word' id='word_1_636' title='bbox 1711 2505 1813 2529; x_wconf 82' lang='lat' dir='ltr'><strong>alcune</strong></span> <span class='ocrx_word' id='word_1_637' title='bbox 1827 2506 1900 2529; x_wconf 86' lang='lat' dir='ltr'><strong>terre</strong></span> <span class='ocrx_word' id='word_1_638' title='bbox 1919 2511 2016 2536; x_wconf 87' lang='lat' dir='ltr'><strong>presso</strong></span> 
     </span>
     <span class='ocr_line' id='line_1_62' title="bbox 1118 2545 2016 2578; baseline -0.001 -7"><span class='ocrx_word' id='word_1_639' title='bbox 1118 2545 1230 2571; x_wconf 74' lang='lat' dir='ltr'><strong>Troina</strong></span> <span class='ocrx_word' id='word_1_640' title='bbox 1251 2546 1291 2578; x_wconf 84' lang='lat' dir='ltr'><strong>(la</strong></span> <span class='ocrx_word' id='word_1_641' title='bbox 1304 2547 1400 2572; x_wconf 83' lang='lat' dir='ltr'><strong>chiesa</strong></span> <span class='ocrx_word' id='word_1_642' title='bbox 1413 2547 1442 2572; x_wconf 80' lang='lat' dir='ltr'><strong>di</strong></span> <span class='ocrx_word' id='word_1_643' title='bbox 1455 2546 1512 2572; x_wconf 82' lang='lat' dir='ltr'><strong>San</strong></span> <span class='ocrx_word' id='word_1_644' title='bbox 1528 2547 1631 2572; x_wconf 83' lang='lat' dir='ltr'><strong>Nicola</strong></span> <span class='ocrx_word' id='word_1_645' title='bbox 1644 2555 1659 2572; x_wconf 85' lang='lat' dir='ltr'><strong>e</strong></span> <span class='ocrx_word' id='word_1_646' title='bbox 1671 2547 1693 2571; x_wconf 92' lang='lat' dir='ltr'><strong>il</strong></span> <span class='ocrx_word' id='word_1_647' title='bbox 1709 2546 1802 2572; x_wconf 81' lang='lat' dir='ltr'><strong>casale</strong></span> <span class='ocrx_word' id='word_1_648' title='bbox 1815 2547 1861 2572; x_wconf 82' lang='lat' dir='ltr'><strong>dei</strong></span> <span class='ocrx_word' id='word_1_649' title='bbox 1874 2546 2016 2575; x_wconf 80' lang='lat' dir='ltr'><strong>Saraceni,</strong></span> 
     </span>
     <span class='ocr_line' id='line_1_63' title="bbox 1119 2587 2017 2622; baseline 0 -10"><span class='ocrx_word' id='word_1_650' title='bbox 1119 2587 1199 2613; x_wconf 81' lang='lat' dir='ltr'><strong>detto</strong></span> <span class='ocrx_word' id='word_1_651' title='bbox 1224 2587 1336 2622; x_wconf 60' lang='lat' dir='ltr'><strong>Butam.</strong></span> <span class='ocrx_word' id='word_1_652' title='bbox 1363 2589 1519 2614; x_wconf 80' lang='lat' dir='ltr'><strong>solamente</strong></span> <span class='ocrx_word' id='word_1_653' title='bbox 1545 2589 1589 2613; x_wconf 88' lang='lat' dir='ltr'><strong>nel</strong></span> <span class='ocrx_word' id='word_1_654' title='bbox 1620 2588 1688 2622; x_wconf 89' lang='lat'><strong>1096</strong></span> <span class='ocrx_word' id='word_1_655' title='bbox 1707 2588 1746 2620; x_wconf 87' lang='lat' dir='ltr'><strong>(v.</strong></span> <span class='ocrx_word' id='word_1_656' title='bbox 1766 2588 1788 2613; x_wconf 86' lang='lat' dir='ltr'><strong>il</strong></span> <span class='ocrx_word' id='word_1_657' title='bbox 1808 2596 1867 2622; x_wconf 83' lang='lat' dir='ltr'><strong>cap.</strong></span> <span class='ocrx_word' id='word_1_658' title='bbox 1886 2588 1953 2614; x_wconf 84' lang='lat' dir='ltr'><strong>XIX</strong></span> <span class='ocrx_word' id='word_1_659' title='bbox 1971 2588 2017 2612; x_wconf 87' lang='lat' dir='ltr'><strong>del</strong></span> 
     </span>
     <span class='ocr_line' id='line_1_64' title="bbox 1119 2629 2018 2663; baseline 0.001 -9"><span class='ocrx_word' id='word_1_660' title='bbox 1119 2629 1152 2656; x_wconf 89' lang='lat' dir='ltr'><strong>L.</strong></span> <span class='ocrx_word' id='word_1_661' title='bbox 1169 2629 1221 2663; x_wconf 91' lang='lat'>111)</span> <span class='ocrx_word' id='word_1_662' title='bbox 1244 2631 1274 2655; x_wconf 77' lang='lat' dir='ltr'><strong>fu</strong></span> <span class='ocrx_word' id='word_1_663' title='bbox 1289 2638 1409 2656; x_wconf 83' lang='lat' dir='ltr'><strong>vescovo</strong></span> <span class='ocrx_word' id='word_1_664' title='bbox 1423 2632 1452 2656; x_wconf 89' lang='lat' dir='ltr'><strong>dl</strong></span> <span class='ocrx_word' id='word_1_665' title='bbox 1468 2633 1566 2663; x_wconf 80' lang='lat' dir='ltr'><strong>questa</strong></span> <span class='ocrx_word' id='word_1_666' title='bbox 1579 2629 1651 2656; x_wconf 57' lang='lat' dir='ltr'><strong>citt&amp;</strong></span> <span class='ocrx_word' id='word_1_667' title='bbox 1672 2645 1704 2650; x_wconf 98' lang='lat'><strong>—</strong></span> <span class='ocrx_word' id='word_1_668' title='bbox 1724 2631 1847 2663; x_wconf 86' lang='lat' dir='ltr'><strong>quando,</strong></span> <span class='ocrx_word' id='word_1_669' title='bbox 1862 2629 1931 2660; x_wconf 71' lang='lat' dir='ltr'><strong>cioe,</strong></span> <span class='ocrx_word' id='word_1_670' title='bbox 1944 2630 2018 2655; x_wconf 83' lang='lat' dir='ltr'><strong>Mes-</strong></span> 
     </span>
     <span class='ocr_line' id='line_1_65' title="bbox 1119 2673 2015 2706; baseline 0.001 -9"><span class='ocrx_word' id='word_1_671' title='bbox 1119 2673 1182 2698; x_wconf 78' lang='lat' dir='ltr'><strong>sina</strong></span> <span class='ocrx_word' id='word_1_672' title='bbox 1201 2680 1291 2698; x_wconf 83' lang='lat' dir='ltr'><strong>venne</strong></span> <span class='ocrx_word' id='word_1_673' title='bbox 1312 2675 1392 2699; x_wconf 80' lang='lat' dir='ltr'><strong>unita</strong></span> <span class='ocrx_word' id='word_1_674' title='bbox 1413 2674 1469 2699; x_wconf 84' lang='lat' dir='ltr'><strong>alla</strong></span> <span class='ocrx_word' id='word_1_675' title='bbox 1488 2673 1553 2699; x_wconf 85' lang='lat' dir='ltr'><strong>sede</strong></span> <span class='ocrx_word' id='word_1_676' title='bbox 1572 2674 1601 2698; x_wconf 87' lang='lat' dir='ltr'><strong>di</strong></span> <span class='ocrx_word' id='word_1_677' title='bbox 1616 2674 1725 2698; x_wconf 77' lang='lat' dir='ltr'><strong>Troina</strong></span> <span class='ocrx_word' id='word_1_678' title='bbox 1746 2686 1789 2703; x_wconf 89' lang='lat'><strong>—,</strong></span> <span class='ocrx_word' id='word_1_679' title='bbox 1808 2673 1928 2706; x_wconf 75' lang='lat' dir='ltr'><strong>bisogna</strong></span> <span class='ocrx_word' id='word_1_680' title='bbox 1954 2680 2015 2698; x_wconf 85' lang='lat' dir='ltr'><strong>sen-</strong></span> 
     </span>
     <span class='ocr_line' id='line_1_66' title="bbox 1119 2713 2017 2746; baseline 0 -7"><span class='ocrx_word' id='word_1_681' title='bbox 1119 2713 1222 2740; x_wconf 78' lang='lat' dir='ltr'><strong>z’altro</strong></span> <span class='ocrx_word' id='word_1_682' title='bbox 1241 2715 1390 2740; x_wconf 78' lang='lat' dir='ltr'><strong>eliminare</strong></span> <span class='ocrx_word' id='word_1_683' title='bbox 1412 2717 1418 2739; x_wconf 83' lang='lat' dir='ltr'><strong>i</strong></span> <span class='ocrx_word' id='word_1_684' title='bbox 1435 2715 1494 2741; x_wconf 81' lang='lat' dir='ltr'><strong>dati</strong></span> <span class='ocrx_word' id='word_1_685' title='bbox 1512 2716 1615 2741; x_wconf 84' lang='lat' dir='ltr'><strong>fornlti</strong></span> <span class='ocrx_word' id='word_1_686' title='bbox 1636 2715 1683 2740; x_wconf 78' lang='lat' dir='ltr'><strong>dal</strong></span> <span class='ocrx_word' id='word_1_687' title='bbox 1703 2716 1874 2740; x_wconf 89' lang='lat' dir='ltr'><strong>documento</strong></span> <span class='ocrx_word' id='word_1_688' title='bbox 1889 2715 2017 2746; x_wconf 82' lang='lat' dir='ltr'><strong>addotto,</strong></span> 
     </span>
     <span class='ocr_line' id='line_1_67' title="bbox 1118 2755 1827 2790; baseline 0.001 -9"><span class='ocrx_word' id='word_1_689' title='bbox 1118 2755 1219 2789; x_wconf 72' lang='lat' dir='ltr'><strong>perche</strong></span> <span class='ocrx_word' id='word_1_690' title='bbox 1238 2765 1287 2790; x_wconf 84' lang='lat' dir='ltr'><strong>per</strong></span> <span class='ocrx_word' id='word_1_691' title='bbox 1307 2758 1334 2783; x_wconf 78' lang='lat' dir='ltr'><strong>ln.</strong></span> <span class='ocrx_word' id='word_1_692' title='bbox 1354 2759 1504 2790; x_wconf 82' lang='lat' dir='ltr'><strong>questione</strong></span> <span class='ocrx_word' id='word_1_693' title='bbox 1524 2766 1581 2783; x_wconf 87' lang='lat' dir='ltr'><strong>nou</strong></span> <span class='ocrx_word' id='word_1_694' title='bbox 1602 2758 1700 2783; x_wconf 87' lang='lat' dir='ltr'><strong>hanno</strong></span> <span class='ocrx_word' id='word_1_695' title='bbox 1721 2758 1827 2783; x_wconf 79' lang='lat' dir='ltr'><strong>valore.</strong></span> 
     </span>
    </p>

    <p class='ocr_par' dir='ltr' id='par_1_25' title="bbox 1118 2797 2017 3044">
     <span class='ocr_line' id='line_1_68' title="bbox 1209 2797 2017 2832; baseline 0 -7"><span class='ocrx_word' id='word_1_696' title='bbox 1209 2797 1220 2815; x_wconf 84' lang='lat'>²</span> <span class='ocrx_word' id='word_1_697' title='bbox 1240 2799 1281 2825; x_wconf 75' lang='lat' dir='ltr'><strong>La</strong></span> <span class='ocrx_word' id='word_1_698' title='bbox 1294 2801 1445 2832; x_wconf 76' lang='lat' dir='ltr'><strong>conquista</strong></span> <span class='ocrx_word' id='word_1_699' title='bbox 1463 2800 1611 2825; x_wconf 81' lang='lat' dir='ltr'><strong>definitiva</strong></span> <span class='ocrx_word' id='word_1_700' title='bbox 1625 2800 1700 2825; x_wconf 79' lang='lat' dir='ltr'><strong>della</strong></span> <span class='ocrx_word' id='word_1_701' title='bbox 1712 2800 1824 2830; x_wconf 65' lang='lat' dir='ltr'><strong>smilis,</strong></span> <span class='ocrx_word' id='word_1_702' title='bbox 1837 2808 1890 2825; x_wconf 89' lang='lat' dir='ltr'><strong>con</strong></span> <span class='ocrx_word' id='word_1_703' title='bbox 1911 2801 1939 2825; x_wconf 80' lang='lat' dir='ltr'><strong>la</strong></span> <span class='ocrx_word' id='word_1_704' title='bbox 1958 2807 2017 2825; x_wconf 78' lang='lat' dir='ltr'><strong>ress</strong></span> 
     </span>
     <span class='ocr_line' id='line_1_69' title="bbox 1119 2841 2016 2874; baseline 0.001 -8"><span class='ocrx_word' id='word_1_705' title='bbox 1119 2841 1147 2866; x_wconf 84' lang='lat' dir='ltr'><strong>di</strong></span> <span class='ocrx_word' id='word_1_706' title='bbox 1175 2841 1252 2867; x_wconf 86' lang='lat' dir='ltr'><strong>Noto</strong></span> <span class='ocrx_word' id='word_1_707' title='bbox 1277 2842 1393 2867; x_wconf 79' lang='lat' dir='ltr'><strong>sarebbe</strong></span> <span class='ocrx_word' id='word_1_708' title='bbox 1412 2843 1555 2867; x_wconf 81' lang='lat' dir='ltr'><strong>avvenuta</strong></span> <span class='ocrx_word' id='word_1_709' title='bbox 1575 2842 1621 2866; x_wconf 89' lang='lat' dir='ltr'><strong>nel</strong></span> <span class='ocrx_word' id='word_1_710' title='bbox 1644 2848 1718 2874; x_wconf 80' lang='lat'>¹09¹·</span> <span class='ocrx_word' id='word_1_711' title='bbox 1742 2843 1867 2867; x_wconf 78' lang='lat' dir='ltr'><strong>secondo</strong></span> <span class='ocrx_word' id='word_1_712' title='bbox 1888 2842 1914 2867; x_wconf 88' lang='lat' dir='ltr'><strong>le</strong></span> <span class='ocrx_word' id='word_1_713' title='bbox 1941 2842 2016 2867; x_wconf 80' lang='lat' dir='ltr'><strong>fonti</strong></span> 
     </span>
     <span class='ocr_line' id='line_1_70' title="bbox 1119 2882 2017 2918; baseline 0.002 -11"><span class='ocrx_word' id='word_1_714' title='bbox 1119 2883 1210 2908; x_wconf 79' lang='lat' dir='ltr'><strong>arabe.</strong></span> <span class='ocrx_word' id='word_1_715' title='bbox 1247 2882 1493 2909; x_wconf 85' lang='lat' dir='ltr'><strong>Concordemente</strong></span> <span class='ocrx_word' id='word_1_716' title='bbox 1512 2891 1571 2908; x_wconf 83' lang='lat' dir='ltr'><strong>esse</strong></span> <span class='ocrx_word' id='word_1_717' title='bbox 1590 2890 1716 2915; x_wconf 83' lang='lat' dir='ltr'><strong>segnano</strong></span> <span class='ocrx_word' id='word_1_718' title='bbox 1736 2885 1836 2916; x_wconf 82' lang='lat' dir='ltr'><strong>questo</strong></span> <span class='ocrx_word' id='word_1_719' title='bbox 1862 2891 1939 2909; x_wconf 86' lang='lat' dir='ltr'><strong>anno</strong></span> <span class='ocrx_word' id='word_1_720' title='bbox 1961 2885 2017 2918; x_wconf 83' lang='lat' dir='ltr'><strong>(os-</strong></span> 
     </span>
     <span class='ocr_line' id='line_1_71' title="bbox 1118 2924 2016 2959; baseline 0.002 -9"><span class='ocrx_word' id='word_1_721' title='bbox 1118 2925 1161 2950; x_wconf 78' lang='lat' dir='ltr'><strong>sis</strong></span> <span class='ocrx_word' id='word_1_722' title='bbox 1176 2925 1196 2950; x_wconf 82' lang='grc'><strong>11</strong></span> <span class='ocrx_word' id='word_1_723' title='bbox 1210 2924 1278 2959; x_wconf 84' lang='lat'>484:</span> <span class='ocrx_word' id='word_1_724' title='bbox 1294 2932 1325 2951; x_wconf 77' lang='grc' dir='ltr'><em>η</em></span> <span class='ocrx_word' id='word_1_725' title='bbox 1341 2926 1469 2951; x_wconf 84' lang='lat' dir='ltr'><strong>sebbraio</strong></span> <span class='ocrx_word' id='word_1_726' title='bbox 1487 2932 1597 2958; x_wconf 81' lang='lat'>¹09¹·11</span> <span class='ocrx_word' id='word_1_727' title='bbox 1617 2926 1745 2951; x_wconf 71' lang='lat' dir='ltr'><strong>sebbi-aio</strong></span> <span class='ocrx_word' id='word_1_728' title='bbox 1762 2925 1850 2959; x_wconf 80' lang='lat'>1092).</span> <span class='ocrx_word' id='word_1_729' title='bbox 1864 2935 1887 2954; x_wconf 79' lang='lat' dir='ltr'><strong>e,</strong></span> <span class='ocrx_word' id='word_1_730' title='bbox 1901 2926 2016 2952; x_wconf 75' lang='lat' dir='ltr'><strong>anzlche</strong></span> 
     </span>
     <span class='ocr_line' id='line_1_72' title="bbox 1120 2967 2017 3000; baseline 0.003 -10"><span class='ocrx_word' id='word_1_731' title='bbox 1120 2967 1203 2995; x_wconf 82' lang='lat' dir='ltr'><strong>Noto.</strong></span> <span class='ocrx_word' id='word_1_732' title='bbox 1222 2967 1330 2993; x_wconf 83' lang='lat' dir='ltr'><strong>dleono</strong></span> <span class='ocrx_word' id='word_1_733' title='bbox 1350 2968 1400 2992; x_wconf 89' lang='lat' dir='ltr'><strong>che</strong></span> <span class='ocrx_word' id='word_1_734' title='bbox 1422 2967 1668 3000; x_wconf 73' lang='lat' dir='ltr'><strong>Castrogiovanni</strong></span> <span class='ocrx_word' id='word_1_735' title='bbox 1692 2968 1719 2992; x_wconf 79' lang='lat' dir='ltr'><strong>su</strong></span> <span class='ocrx_word' id='word_1_736' title='bbox 1741 2968 1867 2993; x_wconf 77' lang='lat' dir='ltr'><strong>l&#39;ultlma</strong></span> <span class='ocrx_word' id='word_1_737' title='bbox 1885 2967 1955 2993; x_wconf 54' lang='lat' dir='ltr'><strong>citt&amp;</strong></span> <span class='ocrx_word' id='word_1_738' title='bbox 1976 2977 2017 2993; x_wconf 77' lang='lat' dir='ltr'><strong>oc·</strong></span> 
     </span>
     <span class='ocr_line' id='line_1_73' title="bbox 1121 3008 1893 3044; baseline 0.003 -11"><span class='ocrx_word' id='word_1_739' title='bbox 1121 3011 1222 3041; x_wconf 77' lang='lat' dir='ltr'><strong>cupata</strong></span> <span class='ocrx_word' id='word_1_740' title='bbox 1243 3010 1288 3034; x_wconf 81' lang='lat' dir='ltr'><strong>dai</strong></span> <span class='ocrx_word' id='word_1_741' title='bbox 1310 3010 1481 3035; x_wconf 79' lang='lat' dir='ltr'><strong>Normanni.</strong></span> <span class='ocrx_word' id='word_1_742' title='bbox 1519 3008 1564 3035; x_wconf 78' lang='lat' dir='ltr'><strong>Cf.</strong></span> <span class='ocrx_word' id='word_1_743' title='bbox 1586 3010 1700 3040; x_wconf 61' lang='lat' dir='ltr'><strong>Anam,</strong></span> <span class='ocrx_word' id='word_1_744' title='bbox 1718 3009 1768 3040; x_wconf 85' lang='lat'><strong>111,</strong></span> <span class='ocrx_word' id='word_1_745' title='bbox 1787 3018 1814 3044; x_wconf 87' lang='lat' dir='ltr'><strong>p.</strong></span> <span class='ocrx_word' id='word_1_746' title='bbox 1838 3016 1893 3042; x_wconf 81' lang='lat'><strong>177.</strong></span> 
     </span>
    </p>
   </div>
   <div class='ocr_carea' id='block_1_15' title="bbox 2044 2383 2075 2409">
    <p class='ocr_par' dir='ltr' id='par_1_26' title="bbox 2044 2383 2075 2409">
     <span class='ocr_line' id='line_1_74' title="bbox 2044 2383 2075 2409; baseline 0 0"><span class='ocrx_word' id='word_1_747' title='bbox 2044 2383 2075 2409; x_wconf 83' lang='lat'><strong>²5</strong></span> 
     </span>
    </p>
   </div>
   <div class='ocr_carea' id='block_1_16' title="bbox 2045 2597 2080 2622">
    <p class='ocr_par' dir='ltr' id='par_1_27' title="bbox 2045 2597 2080 2622">
     <span class='ocr_line' id='line_1_75' title="bbox 2045 2597 2080 2622; baseline 0 -8"><span class='ocrx_word' id='word_1_748' title='bbox 2045 2597 2080 2622; x_wconf 81' lang='grc'><strong>30</strong></span> 
     </span>
    </p>
   </div>
   <div class='ocr_carea' id='block_1_17' title="bbox 2045 2805 2077 2831">
    <p class='ocr_par' dir='ltr' id='par_1_28' title="bbox 2045 2805 2077 2831">
     <span class='ocr_line' id='line_1_76' title="bbox 2045 2805 2077 2831; baseline -0.031 0"><span class='ocrx_word' id='word_1_749' title='bbox 2045 2805 2077 2831; x_wconf 77' lang='lat'><strong>³5</strong></span> 
     </span>
    </p>
   </div>
   <div class='ocr_carea' id='block_1_18' title="bbox 2047 3019 2080 3043">
    <p class='ocr_par' dir='ltr' id='par_1_29' title="bbox 2047 3019 2080 3043">
     <span class='ocr_line' id='line_1_77' title="bbox 2047 3019 2080 3043; baseline 0 -8"><span class='ocrx_word' id='word_1_750' title='bbox 2047 3019 2080 3043; x_wconf 86' lang='lat'><strong>40</strong></span> 
     </span>
    </p>
   </div>
   <div class='ocr_carea' id='block_1_19' title="bbox 2093 1317 2198 1340">
    <p class='ocr_par' dir='ltr' id='par_1_30' title="bbox 2093 1317 2198 1340">
     <span class='ocr_line' id='line_1_78' title="bbox 2093 1317 2198 1340; baseline 0 -4"><span class='ocrx_word' id='word_1_751' title='bbox 2093 1317 2121 1339; x_wconf 83' lang='grc' dir='ltr'><strong>Ι),</strong></span> <span class='ocrx_word' id='word_1_752' title='bbox 2139 1322 2177 1340; x_wconf 65' lang='lat' dir='ltr'><strong>[fo</strong></span> <span class='ocrx_word' id='word_1_753' title='bbox 2185 1323 2198 1336; x_wconf 83' lang='lat' dir='ltr'><strong>r</strong></span> 
     </span>
    </p>
   </div>
  </div>
 </body>
</html>
