2314 3418
161 221 213 257 [Α.
232 221 324 256 1095]
529 215 600 250 DE
627 215 795 252 REBUS
823 215 998 252 GESTIS
1026 215 1242 253 ROGERII
1270 215 1480 251 COMITIS
1508 215 1621 250 ETC.
1919 216 1985 250 101

164 291 1987 298 ....................................................................................................................................................................................................

158 336 386 383 ingrediendi,
410 337 466 369 vel
489 337 619 381 aliquid
642 337 894 378 introducendi,
918 337 1248 372 Castri-villensibus
1277 343 1421 381 pateret.
1466 337 1537 371 Sed
1560 337 1652 370 infra
1674 348 1788 370 muros
1818 336 1991 370 modicum

158 389 272 424 victus
292 389 470 428 habentes,
493 390 575 423 dum
597 401 662 433 per
683 397 752 423 tres
774 391 1019 430 hebdomadas,
1041 391 1239 424 imminente
1261 391 1371 429 hoste,
1394 396 1606 433 premuntur,
1636 390 1878 433 exhaustisque
1902 400 1990 433 quae

157 441 204 476 ad
226 442 356 475 victum
379 442 564 483 habebant,
588 444 803 483 Guillelmus‚
826 444 921 488 quod
943 450 981 477 ut
1003 445 1139 478 faceret
1160 444 1271 487 primo
1287 443 1520 487 expetebatur,
1535 449 1573 476 ut
1587 443 1616 476 si
1631 444 1861 486 susciperetur
1884 453 1988 486 expe-

26 536 28 538 *
74 524 75 527 ,
158 502 243 535 tens,
266 507 303 528 se
325 495 380 540 jus
402 495 501 530 ducis
523 502 642 529 tenere
665 498 881 540 repromittit.
926 498 984 531 Ad
1008 497 1103 542 quod
1124 498 1374 541 exequendum,
1399 497 1478 530 dum
1503 495 1720 539 fidejussores
1750 497 1795 529 ad
1825 496 1990 539 placitum

86 556 93 591 g
116 548 135 583 ⁵
158 548 259 582 ducis
281 559 351 581 non
374 549 489 589 habet,
514 556 626 582 castra
649 561 737 594 quae
760 551 804 584 de
827 551 902 593 ipso
925 550 1086 590 habebat,
1109 561 1173 593 pro
1195 551 1311 595 plegio
1335 550 1441 592 ponit.
1488 550 1590 588 Duci,
1615 550 1649 582 in
1665 561 1725 582 sua
1740 550 1866 582 virtute
1881 560 1989 593 usque

79 597 82 602 ⁴
157 602 203 635 ad
225 602 489 636 determinatum
513 604 617 643 diem,
645 615 713 647 quo
743 605 796 648 jus
825 610 982 637 teneatur
1012 604 1249 643 deliberatum,
1273 613 1336 646 per
1366 614 1503 636 manum
1534 602 1668 636 comitis
1702 613 1842 635 securus
1865 603 1988 642 factus,

158 655 252 700 quod
270 655 325 699 jus
347 657 470 699 exequi
494 656 701 699 praevaleat,
726 663 838 690 castra
860 668 922 690 sua
943 657 1008 690 sibi
1031 657 1231 690 reddantur.
1277 657 1429 690 Instante
1451 656 1567 699 itaque
1579 656 1724 689 termino
1738 657 1824 704 juris
1839 657 1990 696 tenendi,

91 750 93 753 ι
155 707 236 742 loco
267 709 494 742 determinato
525 710 782 749 convenientes,
813 710 1043 754 querimonias
1071 721 1150 743 suas
1179 710 1344 743 adversus
1374 709 1596 743 Guillelmum
1628 709 1782 751 exponit.
1829 709 1900 742 Sed
1930 709 1988 743 ille

80 756 92 791 ³.
155 761 328 795 modicum
350 762 434 807 juris
455 762 598 802 habens,
621 763 701 796 dum
718 763 828 796 minus
843 764 1017 796 rhetorice
1033 768 1299 807 argumentatur,
1313 762 1444 806 judicio
1460 763 1524 802 his,
1540 772 1629 805 quae
1644 762 1708 795 sub
1725 763 1814 795 duce
1829 762 1989 803 habebat,

80 817 133 851 ζἰθ
154 815 319 858 privatur.
364 814 423 855 At,
454 816 534 848 dum
563 816 693 860 judicio
724 817 964 850 contradicere
994 817 1144 854 molitur,
1173 817 1284 848 minus
1312 816 1487 848 facultatis
1517 815 1573 848 vel
1601 815 1684 858 juris
1715 815 1855 854 habens,
1886 817 1989 849 terris

83 861 87 863 ⁵
152 867 317 911 privatus,
340 878 418 901 cum
432 879 539 902 uxore
562 870 607 902 ad
628 870 870 912 imperatorem
893 869 1309 912 Constantinopolitanum
1331 868 1488 901 transivit
1501 869 1528 907 ¹;
1552 868 1610 902 ubi
1632 868 1879 912 aliquantisper
1894 879 1988 902 com-

98 918 99 921 ’
155 927 316 960 moratus,
338 923 489 963 tandem,
512 933 590 956 cum
613 924 719 956 multa
740 923 888 966 pecunia
909 923 1058 962 rediens,
1084 923 1174 961 duci,
1197 928 1235 955 ut
1256 923 1314 964 pio
1339 927 1374 955 et
1395 922 1610 955 misericordi
1633 922 1719 961 viro,
1734 922 1985 962 reconciliatus,

153 980 289 1014 terram,
312 986 414 1019 quam
437 977 606 1017 amiserat,
630 982 777 1019 excepto
800 982 911 1010 castro
935 976 1055 1010 Sancti
1076 975 1198 1014 Marci,
1228 975 1350 1018 recipit
1362 974 1384 1008 ².

69 1125 76 1138 „
240 1097 373 1130 XXIII.
404 1115 434 1121 —
462 1097 549 1131 Cum
573 1103 685 1131 autem
707 1097 799 1130 inter
820 1096 1000 1130 Urbanum
1023 1095 1250 1139 apostolicum
1266 1101 1299 1128 et
1315 1095 1514 1134 Henricum,
1530 1095 1823 1128 Theutonicorum
1838 1095 1986 1139 impera-

66 1148 127 1191 ᾗ15
152 1154 272 1190 torem,
296 1150 525 1184 dissentiones
547 1149 798 1189 efferbuissent,
822 1150 1026 1193 quibusdam
1050 1148 1293 1182 controversiis
1314 1149 1403 1181 inter
1430 1148 1634 1188 Corradum,
1665 1148 1818 1182 eiusdem
1843 1149 1988 1182 Henrici

67 1197 73 1200 ’
151 1202 268 1242 filium,
284 1214 326 1237 ac
342 1209 476 1247 patrem
487 1222 528 1228 --
542 1204 636 1247 quod
651 1203 802 1237 seriatim
818 1203 958 1247 longum
975 1207 1027 1235 est
1043 1211 1205 1235 enarrare
1221 1201 1540 1245 -insurgentibus,
1555 1202 1741 1240 Corradus,
1756 1202 1846 1235 irato
1862 1203 1986 1242 animo,

150 1266 171 1288 a
192 1262 290 1299 patre
313 1256 506 1297 discedens,
528 1257 574 1290 ad
596 1257 824 1300 apostolicum
847 1262 882 1289 et
903 1255 1110 1288 Mathildem
1132 1254 1347 1294 marchisam,
1369 1266 1458 1298 quae
1474 1255 1506 1288 ei
1523 1266 1566 1288 ex
1580 1254 1747 1288 fidelitate
1763 1255 1986 1295 adhaerebat,

150 1319 187 1343 se
211 1310 366 1348 contulit,
390 1320 507 1343 eorum
531 1309 656 1343 auxilio
680 1310 866 1353 plurimum
889 1318 954 1352 per
975 1308 1110 1341 Italiam
1132 1307 1274 1341 rebellis
1296 1307 1479 1341 existens³.
1524 1308 1572 1342 At
1595 1319 1672 1342 cum
1694 1309 1829 1354 juvenis
1853 1314 1887 1342 et
1914 1310 1987 1342 sine

66 1399 76 1407 ἶ
150 1372 258 1396 uxore
280 1369 381 1402 esset,
405 1372 440 1396 et
462 1363 654 1406 sumptibus
675 1363 722 1396 ad
743 1363 793 1402 id,
817 1362 912 1407 quod
935 1367 1112 1404 coeperat,
1134 1361 1335 1394 necessariis
1357 1362 1469 1394 minus
1496 1362 1697 1402 abundaret,
1728 1362 1871 1397 consilio
1903 1373 1987 1406 apo-

24 1453 26 1455 ,
60 1407 75 1459 '3
86 1417 129 1448 20
151 1415 264 1449 stolici
286 1422 322 1449 et
343 1416 521 1459 praefatae
545 1416 736 1450 marchisae
760 1414 941 1449 Mathildis
962 1425 1025 1458 per
1047 1414 1238 1448 Corradum
1262 1415 1434 1455 comitem,
1457 1426 1560 1460 quem
1583 1416 1628 1449 ad
1650 1416 1686 1448 id
1709 1416 1795 1461 lega'
1798 1416 1899 1450 tionis
1926 1427 1983 1460 pe-

147 1471 337 1515 ragendum
360 1470 570 1510 direxerunt,
592 1470 696 1503 filiam
719 1470 914 1504 Siculorum
938 1467 1243 1502 Calabrensiumve
1267 1468 1401 1501 comitis
1423 1469 1490 1502 sibi
1512 1469 1548 1501 in
1577 1470 1828 1502 matrimonium
1860 1480 1984 1504 conce-

150 1524 301 1558 dendam
323 1524 465 1568 expetit.
510 1524 732 1567 Apostolicus
754 1524 859 1557 etiam
882 1522 1001 1556 literas
1021 1533 1101 1556 suas
1124 1522 1253 1561 comiti,
1275 1528 1313 1554 ut
1341 1521 1409 1554 sibi
1438 1522 1600 1555 familiari
1625 1529 1659 1555 et
1689 1523 1812 1562 amico,
1843 1524 1888 1556 ad
1918 1524 1985 1557 hoc

147 1577 240 1612 idem
263 1578 427 1622 dirigens,
450 1579 496 1611 ad
520 1578 783 1611 concedendum
806 1578 973 1616 hortatur,
997 1576 1120 1609 dicens
1141 1575 1207 1609 sibi
1230 1585 1357 1619 magno
1379 1575 1503 1608 honori
1527 1581 1562 1608 et
1582 1576 1739 1619 proficuo
1761 1576 1925 1618 futurum,
1955 1578 1984 1610 si

67 1663 71 1665 n
147 1630 243 1664 filia·
267 1631 338 1665 filio
360 1632 453 1675 regis
483 1632 598 1664 tuturo
629 1641 756 1674 sponso
785 1630 959 1674 jungatur,
990 1636 1025 1663 et
1052 1630 1199 1675 juvenis,
1231 1635 1370 1663 sanctae
1400 1629 1580 1662 Romanae
1610 1629 1790 1663 Ecclesiae
1820 1630 1984 1664 fidelitate

26 1689 27 1693 ’
72 1682 125 1718 25
149 1685 351 1724 adhaerens,
374 1685 437 1717 sed
459 1684 662 1727 sumptibus,
685 1683 810 1728 quibus
833 1688 954 1717 contra
976 1689 1123 1726 patrem,
1145 1683 1204 1727 qui
1228 1693 1305 1716 eum
1335 1682 1459 1727 injuste
1491 1682 1724 1726 oppugnabat,
1754 1682 1864 1715 minus
1894 1684 1985 1716 suffi-

150 1737 257 1778 ciens,
279 1748 365 1783 quos
386 1743 485 1781 pater
507 1747 586 1771 cum
607 1737 679 1771 filio
710 1737 818 1776 daret,
848 1737 980 1771 viribus
1009 1738 1122 1770 victus
1151 1737 1197 1770 ad
1227 1736 1455 1770 debellandos
1484 1736 1641 1769 immicos
1662 1742 1802 1770 sanctae
1825 1737 1892 1770 Dei
1916 1739 1984 1771 Ec·-

149 1790 276 1824 clesiae
300 1791 527 1834 praevaleret.

235 1843 361 1878 Comes
382 1850 508 1884 autem,
530 1845 596 1878 hac
619 1844 792 1890 legatione
814 1850 981 1888 percepta
1003 1850 1039 1878 et
1063 1845 1225 1878 suasoriis
1254 1845 1364 1878 literis
1392 1843 1573 1888 apostolici
1603 1843 1669 1877 viri
1699 1843 1872 1887 perlectis,
1904 1855 1984 1877 usus

60 1919 81 1938 ,
148 1897 294 1932 consilio
315 1899 468 1932 fidelium
490 1909 628 1932 suorum
650 1904 685 1932 et
706 1898 852 1933 maxime
874 1898 1033 1938 Roberti,
1055 1898 1266 1944 Traynensis
1287 1897 1453 1942 episcopi,
1476 1908 1541 1940 per
1570 1906 1671 1941 quem
1697 1906 1831 1930 omnem
1855 1907 1983 1930 conve-

68 1942 126 1985 30
148 1949 313 1984 nientiam
335 1951 481 1984 Corradi
505 1951 653 1995 exquirit
675 1970 704 1975 —
742 1961 821 1984 nam
843 1950 943 1984 italus
965 1957 1040 1985 erat
1055 1957 1091 1985 et
1105 1951 1241 1985 illarum
1255 1952 1403 1995 partium
1418 1960 1545 1995 gnarus
1561 1968 1601 1974 —
1619 1949 1714 1993 quod
1742 1949 1982 1993 expetebatur,

67 2008 70 2017 ’-
147 2004 316 2043 concedit,
340 2010 376 2038 et
398 2005 442 2038 ab
464 2005 617 2048 utrisque
639 2004 794 2047 partibus
816 2005 1056 2048 exequendum
1077 2005 1299 2039 sacramentis
1320 2005 1456 2037 firmare
1480 2003 1577 2037 fecit.
1622 2002 1847 2046 Nuptiarum'
1861 2003 1976 2047 itaque

71 2094 75 2100 ,
147 2057 204 2092 die
226 2057 454 2092 determinato
476 2058 651 2092 Corradus
673 2068 800 2097 comes,
823 2069 844 2090 a
860 2059 985 2091 comite
1007 2059 1162 2103 Rogerio
1177 2058 1333 2102 pluribus
1347 2057 1592 2090 munificentiis
1606 2057 1805 2096 honoratus,
1821 2057 1980 2096 reditum,

109 2126 111 2128 ·
147 2111 240 2145 unde
262 2117 416 2150 venerat,
439 2112 634 2150 accelerat;
665 2111 896 2156 anhelumque
928 2111 971 2146 de
1001 2111 1168 2146 relatione
1200 2111 1390 2156 legationis,
1423 2110 1608 2148 dominum,
1639 2110 1776 2172 nuptias
1805 2120 1985 2143 concessas

64 2162 68 2171 ¹
147 2165 348 2198 accelerans
371 2164 568 2204 denunciat,
590 2164 774 2208 plurimum
796 2164 970 2198 laetificat.
1014 2165 1124 2198 Porro
1148 2175 1264 2199 comes
1285 2164 1470 2209 Rogerius‚
1493 2163 1667 2207 apparatis
1688 2163 1729 2196 iis
1752 2174 1839 2208 quae
1871 2164 1915 2196 ad
1944 2165 1982 2197 id

35 2249 38 2251 Α
69 2217 126 2252 35
149 2218 256 2252 officii
279 2218 530 2263 congruebant,
552 2218 700 2261 plurima
724 2218 834 2251 classe
855 2228 920 2261 per
941 2217 1142 2262 episcopum
1164 2218 1402 2263 Traynensem
1426 2223 1461 2250 et
1484 2217 1570 2250 alios
1593 2217 1741 2250 barones
1763 2227 1843 2250 suos
1866 2216 1981 2256 filiam,

62 2267 64 2270 ’
145 2271 260 2305 multis
281 2273 519 2306 thesaurorum
542 2272 673 2305 exeniis
695 2271 852 2312 ditatam,
876 2271 990 2305 Pisam
1012 2282 1120 2316 usque
1144 2272 1341 2306 conducere
1365 2271 1466 2304 fecit:
1483 2269 1541 2303 ubi
1557 2270 1646 2303 filius
1660 2270 1753 2314 regis
1767 2269 1888 2303 obvius
1905 2281 1982 2303 cum

148 2325 240 2359 omni
261 2325 527 2359 honorificentia
549 2325 747 2368 suscipiens,
771 2325 968 2358 authentice
992 2325 1190 2369 dispensata
1211 2325 1383 2358 solemnes
1398 2324 1537 2367 nuptias
1553 2323 1752 2363 celebravit,
1768 2333 1858 2356 anno
1874 2323 1984 2357 Verbi

146 2379 316 2414 incarnati
337 2378 488 2413 MXCV.

239 2521 261 2539 1.
280 2512 398 2549 pateret]
417 2517 490 2540 esset
508 2515 569 2540 PC
586 2529 617 2533 —
637 2523 661 2547 3.
681 2512 785 2548 prlmo]
799 2515 823 2540 Α
835 2517 923 2546 questo
938 2517 1023 2547 punto
1040 2523 1053 2538 ε
1071 2521 1117 2539 con
1135 2517 1222 2546 queste
1235 2514 1327 2546 parole
1338 2522 1347 2538 .·
1366 2514 1501 2538 hactenus
1515 2514 1543 2537 in
1558 2513 1655 2537 codiee
1668 2511 1742 2536 unde
1755 2512 1822 2536 haec
1837 2511 1981 2544 descrlpsi,

149 2555 257 2589 reliqua
282 2563 349 2581 vero
368 2558 547 2590 compaglnis
564 2556 690 2581 eiusdem
709 2556 816 2582 codicis
834 2557 938 2582 amissa
957 2556 1153 2582 desiderantur
1171 2557 1222 2581 etc.
1244 2554 1332 2589 (upa
1357 2555 1462 2580 telem
1487 2556 1531 2579 del
1552 2557 1624 2586 capp.
1650 2553 1796 2585 mancantt)
1819 2554 1934 2577 termina
1958 2553 1982 2577 tl

148 2598 232 2623 codice
246 2600 269 2624 C
286 2612 318 2617 —-
333 2606 357 2630 5.
374 2601 466 2624 castra
485 2607 534 2624 om.
553 2599 580 2624 P
596 2613 629 2618 —
649 2598 674 2624 6.
693 2599 852 2625 deliberans
870 2601 898 2625 P
915 2613 945 2617 -——
967 2598 992 2624 8.
1011 2597 1086 2633 loco]
1106 2597 1229 2624 consino
1246 2599 1308 2624 BD
1322 2612 1351 2617 --
1366 2605 1438 2632 9-10.
1451 2598 1536 2623 habet
1547 2598 1574 2622 P
1585 2610 1617 2615 --
1633 2604 1674 2629 13.
1686 2599 1789 2625 castro,
1802 2597 1876 2628 quod
1889 2596 1982 2620 sancti

66 2655 67 2658 =
149 2639 241 2666 Mauri
261 2641 368 2666 dieitur
386 2642 414 2667 P
430 2654 440 2660 -
460 2639 573 2675 recipit]
592 2643 737 2674 recuperat
756 2643 819 2667 BD
838 2655 869 2660 ——-
891 2648 931 2674 14.
951 2641 1139 2666 Teutonicum
1158 2641 1187 2667 Ρ
1203 2655 1235 2660 -
1257 2647 1298 2674 15.
1317 2641 1510 2666 dissentiones
1528 2636 1732 2672 efferbulssent]
1752 2638 1981 2663 dieerentur....

23 2678 34 2694 ”’·
66 2679 86 2704 ἰ’
105 2686 119 2714 5
148 2682 308 2708 efferbuisse
321 2683 367 2707 Ρ·
386 2683 548 2709 Conradum
567 2684 631 2708 BD
649 2696 682 2702 -
704 2683 745 2709 16.
764 2684 890 2709 seriatim
909 2691 958 2708 om.
971 2683 1078 2709 ΒΖ)-
1093 2690 1134 2717 17.
1154 2681 1332 2717 marchisam]
1346 2683 1518 2708 markisman
1531 2681 1558 2705 B
1571 2695 1600 2700 --
1619 2688 1658 2713 19.
1677 2682 1808 2713 coeperat
1819 2679 1982 2705 habundare

22 2739 28 2763 ι,
45 2753 46 2756 ¹
76 2724 86 2762 ’ζ
147 2726 258 2758 poterat
277 2726 402 2751 consilio
420 2727 485 2752 BD
500 2741 528 2744 —
543 2733 584 2751 21.
598 2726 705 2752 direxit
723 2726 783 2752 PB
796 2739 828 2744 —
844 2732 886 2751 22.
899 2724 1011 2760 comiti]
1029 2727 1186 2752 committit
1204 2727 1232 2751 P
1242 2740 1275 2745 --
1289 2733 1331 2759 30.
1343 2725 1513 2758 expetebant
1531 2724 1559 2749 D
1578 2739 1608 2742 —
1623 2730 1665 2757 ³²·
1678 2720 1846 2756 honoratus]
1860 2723 1982 2748 donatus

147 2766 210 2792 BD
235 2781 266 2786 —
286 2775 328 2800 34.
348 2769 501 2794 denunciat
518 2776 567 2793 om.
587 2769 615 2793 P
630 2781 642 2788 -
661 2769 706 2793 hls
724 2769 752 2794 P
769 2781 802 2787 —
821 2774 911 2801 34-35.
930 2768 966 2793 ad
986 2768 1015 2793 id
1035 2766 1132 2803 officii]
1159 2769 1193 2794 ad
1218 2768 1344 2794 effectum
1362 2768 1390 2793 P
1406 2781 1438 2785 ——-
1460 2774 1502 2799 35.
1521 2774 1569 2799 per
1587 2773 1636 2791 om.
1656 2766 1683 2790 P
1702 2778 1733 2784 -
1751 2764 1794 2798 38.
1814 2764 1934 2790 MXCIV
1954 2766 1983 2790 D

231 2868 241 2886 ¹
262 2869 306 2895 Un
325 2873 388 2896 atto
408 2871 436 2896 di
457 2870 618 2896 donazlone
636 2871 681 2896 del
706 2876 771 2903 ¹¹¹7
791 2872 817 2896 cl
839 2871 867 2895 fs.
886 2877 1037 2896 conoscere
1180 2869 1191 2887 Ξ
1209 2869 1252 2896 Lo
1271 2871 1417 2896 conferma
1440 2877 1477 2894 un
1503 2870 1673 2894 documento
1698 2868 1741 2893 ed.
1767 2868 1978 2899 dnll’UonsLm‚

20 2942 30 2948 ,-
75 2933 79 2936 .
145 2910 308 2945 Guzllelmo
327 2913 356 2938 dl
371 2912 567 2938 Grantmssnil
581 2914 724 2945 insignito
737 2913 768 2938 dl
781 2913 971 2938 onon-incense
984 2913 1036 2938 lm·
1091 2912 1139 2943 1x‚
1157 2912 1218 2946 482.

18 2949 43 2991 ig
59 2958 121 2983 ..’-1ο
146 2954 249 2987 periali
269 2954 434 2984 bizantum:
459 2956 495 2980 ef.
521 2955 709 2986 hin-cusu,
734 2955 859 2988 Syllam
878 2962 1036 2987 graecarum
1178 2953 1189 2970 ⁸
1208 2955 1361 2981 Bmomr
1382 2954 1537 2982 Claros-icon.
1557 2954 1586 2977 in
1606 2952 1644 2978 M.
1666 2953 1697 2978 G.
1711 2952 1748 2978 H.
1761 2951 1821 2984 SS.‚
1834 2951 1907 2983 xlx,
1924 2958 1980 2985 130.

84 3010 106 3024 .-
146 2996 367 3026 mbram,
387 3004 412 3030 p.
436 2997 492 3022 108.
1178 2996 1189 3014 ⁴
1207 2997 1246 3023 Dl
1266 3005 1348 3026 nome
1368 2996 1517 3023 Costsnza.

78 3041 84 3054 μ

2013 2999 2041 3027 ¹5

2058 1430 2087 1452 D.
2104 1435 2164 1454 '54¹'
