<?xml version="1.0" encoding="UTF-8"?>
<!DOCTYPE html PUBLIC "-//W3C//DTD XHTML 1.0 Transitional//EN"
    "http://www.w3.org/TR/xhtml1/DTD/xhtml1-transitional.dtd">
<html xmlns="http://www.w3.org/1999/xhtml" xml:lang="en" lang="en">
 <head>
  <title>
</title>
<meta http-equiv="Content-Type" content="text/html;charset=utf-8" />
  <meta name='ocr-system' content='tesseract 3.04.00' />
  <meta name='ocr-capabilities' content='ocr_page ocr_carea ocr_par ocr_line ocrx_word'/>
</head>
<body>
  <div class='ocr_page' id='page_1' title='image "./rerumitalicarums51murauoft_0162.png"; bbox 0 0 2314 3418; ppageno 0'>
   <div class='ocr_carea' id='block_1_1' title="bbox 185 2375 275 2397">
    <p class='ocr_par' dir='ltr' id='par_1_1' title="bbox 185 2375 275 2397">
     <span class='ocr_line' id='line_1_1' title="bbox 185 2375 275 2397; baseline 0 -3"><span class='ocrx_word' id='word_1_1' title='bbox 185 2375 212 2397; x_wconf 82' lang='grc' dir='ltr'>Β,</span> <span class='ocrx_word' id='word_1_2' title='bbox 229 2380 275 2394; x_wconf 71' lang='lat' dir='ltr'>nr</span> 
     </span>
    </p>
   </div>
   <div class='ocr_carea' id='block_1_2' title="bbox 348 2046 1655 2090">
    <p class='ocr_par' dir='ltr' id='par_1_2' title="bbox 348 2046 1655 2090">
     <span class='ocr_line' id='line_1_2' title="bbox 348 2046 1655 2090; baseline 0.002 -12"><span class='ocrx_word' id='word_1_3' title='bbox 348 2047 438 2080; x_wconf 81' lang='lat' dir='ltr'>ferat</span> <span class='ocrx_word' id='word_1_4' title='bbox 458 2046 603 2090; x_wconf 78' lang='lat' dir='ltr'>jurante,</span> <span class='ocrx_word' id='word_1_5' title='bbox 625 2057 704 2079; x_wconf 86' lang='lat' dir='ltr'>mox</span> <span class='ocrx_word' id='word_1_6' title='bbox 725 2058 789 2089; x_wconf 89' lang='lat' dir='ltr'>per</span> <span class='ocrx_word' id='word_1_7' title='bbox 811 2047 1035 2080; x_wconf 83' lang='lat' dir='ltr'>traditionem</span> <span class='ocrx_word' id='word_1_8' title='bbox 1058 2047 1177 2080; x_wconf 92' lang='lat' dir='ltr'>urbem</span> <span class='ocrx_word' id='word_1_9' title='bbox 1201 2047 1420 2080; x_wconf 83' lang='lat' dir='ltr'>subintrandi</span> <span class='ocrx_word' id='word_1_10' title='bbox 1442 2048 1655 2081; x_wconf 89' lang='lat' dir='ltr'>terminatur.</span> 
     </span>
    </p>
   </div>
   <div class='ocr_carea' id='block_1_3' title="bbox 294 2802 2201 2925">
    <p class='ocr_par' dir='ltr' id='par_1_3' title="bbox 294 2802 2201 2925">
     <span class='ocr_line' id='line_1_3' title="bbox 435 2802 2180 2843; baseline 0.001 -15"><span class='ocrx_word' id='word_1_11' title='bbox 435 2802 444 2819; x_wconf 83' lang='lat'>¹</span> <span class='ocrx_word' id='word_1_12' title='bbox 463 2803 503 2828; x_wconf 77' lang='lat' dir='ltr'>La</span> <span class='ocrx_word' id='word_1_13' title='bbox 521 2804 660 2837; x_wconf 82' lang='lat' dir='ltr'>battaglia</span> <span class='ocrx_word' id='word_1_14' title='bbox 685 2805 717 2829; x_wconf 78' lang='lat' dir='ltr'>su</span> <span class='ocrx_word' id='word_1_15' title='bbox 743 2805 922 2830; x_wconf 86' lang='lat' dir='ltr'>combattuta</span> <span class='ocrx_word' id='word_1_16' title='bbox 948 2805 969 2829; x_wconf 87' lang='lat' dir='ltr'>il</span> <span class='ocrx_word' id='word_1_17' title='bbox 998 2805 1029 2830; x_wconf 82' lang='lat'>18</span> <span class='ocrx_word' id='word_1_18' title='bbox 1054 2806 1167 2831; x_wconf 86' lang='lat' dir='ltr'>ottobre</span> <span class='ocrx_word' id='word_1_19' title='bbox 1192 2807 1237 2832; x_wconf 88' lang='lat' dir='ltr'>del</span> <span class='ocrx_word' id='word_1_20' title='bbox 1385 2806 1430 2826; x_wconf 78' lang='lat' dir='ltr'>Hic</span> <span class='ocrx_word' id='word_1_21' title='bbox 1445 2806 1487 2826; x_wconf 79' lang='lat' dir='ltr'>sibi</span> <span class='ocrx_word' id='word_1_22' title='bbox 1503 2807 1620 2827; x_wconf 76' lang='lat' dir='ltr'>castellum</span> <span class='ocrx_word' id='word_1_23' title='bbox 1636 2807 1696 2829; x_wconf 73' lang='lat' dir='ltr'>fecit.</span> <span class='ocrx_word' id='word_1_24' title='bbox 2155 2825 2158 2827; x_wconf 92' lang='lat'>.</span> <span class='ocrx_word' id='word_1_25' title='bbox 2177 2837 2180 2843; x_wconf 95' lang='lat'>.</span> 
     </span>
     <span class='ocr_line' id='line_1_4' title="bbox 354 2845 2091 2882; baseline 0.003 -13"><span class='ocrx_word' id='word_1_26' title='bbox 354 2845 434 2876; x_wconf 73' lang='lat'><em>[0813</em></span> <span class='ocrx_word' id='word_1_27' title='bbox 454 2846 491 2870; x_wconf 78' lang='lat' dir='ltr'>cf.</span> <span class='ocrx_word' id='word_1_28' title='bbox 509 2845 599 2873; x_wconf 54' lang='lat' dir='ltr'>Arma</span> <span class='ocrx_word' id='word_1_29' title='bbox 619 2846 731 2877; x_wconf 57' lang='lat' dir='ltr'>Coum,</span> <span class='ocrx_word' id='word_1_30' title='bbox 748 2847 782 2876; x_wconf 86' lang='lat' dir='ltr'>V,</span> <span class='ocrx_word' id='word_1_31' title='bbox 805 2854 833 2877; x_wconf 69' lang='grc' dir='ltr'>ις</span> <span class='ocrx_word' id='word_1_32' title='bbox 852 2846 1110 2881; x_wconf 67' lang='lat' dir='ltr'>Lurquorosr„</span> <span class='ocrx_word' id='word_1_33' title='bbox 1129 2849 1167 2873; x_wconf 84' lang='lat' dir='ltr'>ad</span> <span class='ocrx_word' id='word_1_34' title='bbox 1177 2857 1237 2873; x_wconf 78' lang='lat' dir='ltr'>ann.</span> <span class='ocrx_word' id='word_1_35' title='bbox 1380 2850 1444 2874; x_wconf 89' lang='lat' dir='ltr'>Una</span> <span class='ocrx_word' id='word_1_36' title='bbox 1463 2847 1534 2875; x_wconf 70' lang='lat' dir='ltr'>citta</span> <span class='ocrx_word' id='word_1_37' title='bbox 1552 2852 1707 2882; x_wconf 85' lang='lat' dir='ltr'>omonima,</span> <span class='ocrx_word' id='word_1_38' title='bbox 1727 2858 1744 2875; x_wconf 78' lang='lat' dir='ltr'>a</span> <span class='ocrx_word' id='word_1_39' title='bbox 1756 2851 1840 2875; x_wconf 84' lang='lat' dir='ltr'>breve</span> <span class='ocrx_word' id='word_1_40' title='bbox 1853 2850 1982 2875; x_wconf 82' lang='lat' dir='ltr'>distanza</span> <span class='ocrx_word' id='word_1_41' title='bbox 1995 2850 2031 2874; x_wconf 81' lang='lat' dir='ltr'>da</span> <span class='ocrx_word' id='word_1_42' title='bbox 2043 2849 2091 2875; x_wconf 89' lang='lat' dir='ltr'>Du</span> 
     </span>
     <span class='ocr_line' id='line_1_5' title="bbox 294 2884 2201 2925; baseline 0.006 -16"><span class='ocrx_word' id='word_1_43' title='bbox 294 2892 326 2909; x_wconf 92' lang='lat'>10</span> <span class='ocrx_word' id='word_1_44' title='bbox 354 2885 428 2910; x_wconf 88' lang='lat'>1082.</span> <span class='ocrx_word' id='word_1_45' title='bbox 1293 2892 1406 2916; x_wconf 80' lang='lat' dir='ltr'>ricorda</span> <span class='ocrx_word' id='word_1_46' title='bbox 1425 2893 1514 2917; x_wconf 83' lang='lat' dir='ltr'><strong>anche</strong></span> <span class='ocrx_word' id='word_1_47' title='bbox 1533 2892 1687 2925; x_wconf 73' lang='lat' dir='ltr'>Cnmumo,</span> <span class='ocrx_word' id='word_1_48' title='bbox 1706 2893 1740 2925; x_wconf 90' lang='grc' dir='ltr'>ΙΙ,</span> <span class='ocrx_word' id='word_1_49' title='bbox 1761 2892 1820 2925; x_wconf 78' lang='lat'>468.</span> <span class='ocrx_word' id='word_1_50' title='bbox 2172 2887 2180 2899; x_wconf 72' lang='lat'>‘</span> <span class='ocrx_word' id='word_1_51' title='bbox 2194 2884 2201 2892; x_wconf 52' lang='lat'>⁴</span> 
     </span>
    </p>
   </div>
   <div class='ocr_carea' id='block_1_4' title="bbox 361 195 2191 242">
    <p class='ocr_par' dir='ltr' id='par_1_4' title="bbox 361 195 2191 242">
     <span class='ocr_line' id='line_1_6' title="bbox 361 195 2191 242; baseline -0.002 -7"><span class='ocrx_word' id='word_1_52' title='bbox 361 203 405 242; x_wconf 91' lang='grc'>74</span> <span class='ocrx_word' id='word_1_53' title='bbox 933 197 1206 234; x_wconf 84' lang='lat' dir='ltr'><strong>GAUFREDI</strong></span> <span class='ocrx_word' id='word_1_54' title='bbox 1235 195 1613 232; x_wconf 88' lang='lat' dir='ltr'>MALATERRAE</span> <span class='ocrx_word' id='word_1_55' title='bbox 2027 202 2078 237; x_wconf 79' lang='grc' dir='ltr'>[Α.</span> <span class='ocrx_word' id='word_1_56' title='bbox 2098 204 2191 240; x_wconf 74' lang='lat' dir='ltr'>rosi]</span> 
     </span>
    </p>
   </div>
   <div class='ocr_carea' id='block_1_5' title="bbox 2082 381 2314 3418">
    <p class='ocr_par' dir='ltr' id='par_1_5' title="bbox 2082 381 2314 3418">
     <span class='ocr_line' id='line_1_7' title="bbox 2248 381 2314 548; baseline 0 -104"><span class='ocrx_word' id='word_1_57' title='bbox 2248 381 2314 548; x_wconf 95' lang='lat' dir='ltr'>   </span> 
     </span>
     <span class='ocr_line' id='line_1_8' title="bbox 2233 548 2314 594; baseline 0 2824"><span class='ocrx_word' id='word_1_58' title='bbox 2233 548 2314 594; x_wconf 95' lang='lat' dir='ltr'> </span> 
     </span>
     <span class='ocr_line' id='line_1_9' title="bbox 2224 594 2314 654; baseline 0 2764"><span class='ocrx_word' id='word_1_59' title='bbox 2224 594 2314 654; x_wconf 95' lang='lat' dir='ltr'> </span> 
     </span>
     <span class='ocr_line' id='line_1_10' title="bbox 2222 654 2314 704; baseline 0 2714"><span class='ocrx_word' id='word_1_60' title='bbox 2222 654 2314 704; x_wconf 95' lang='lat' dir='ltr'> </span> 
     </span>
     <span class='ocr_line' id='line_1_11' title="bbox 2206 704 2314 757; baseline 0 2661"><span class='ocrx_word' id='word_1_61' title='bbox 2206 704 2314 757; x_wconf 95' lang='lat' dir='ltr'> </span> 
     </span>
     <span class='ocr_line' id='line_1_12' title="bbox 2206 757 2314 807; baseline 0 2611"><span class='ocrx_word' id='word_1_62' title='bbox 2206 757 2314 807; x_wconf 95' lang='lat' dir='ltr'> </span> 
     </span>
     <span class='ocr_line' id='line_1_13' title="bbox 2206 807 2314 862; baseline 0 2556"><span class='ocrx_word' id='word_1_63' title='bbox 2206 807 2314 862; x_wconf 95' lang='lat' dir='ltr'> </span> 
     </span>
     <span class='ocr_line' id='line_1_14' title="bbox 2207 862 2314 917; baseline 0 2501"><span class='ocrx_word' id='word_1_64' title='bbox 2207 862 2314 917; x_wconf 95' lang='lat' dir='ltr'> </span> 
     </span>
     <span class='ocr_line' id='line_1_15' title="bbox 2221 917 2314 969; baseline 0 2449"><span class='ocrx_word' id='word_1_65' title='bbox 2221 917 2314 969; x_wconf 95' lang='lat' dir='ltr'> </span> 
     </span>
     <span class='ocr_line' id='line_1_16' title="bbox 2207 969 2314 1019; baseline 0 2399"><span class='ocrx_word' id='word_1_66' title='bbox 2207 969 2314 1019; x_wconf 95' lang='lat' dir='ltr'> </span> 
     </span>
     <span class='ocr_line' id='line_1_17' title="bbox 2206 1019 2314 1236; baseline 0 -108"><span class='ocrx_word' id='word_1_67' title='bbox 2206 1019 2314 1236; x_wconf 95' lang='lat' dir='ltr'>    </span> 
     </span>
     <span class='ocr_line' id='line_1_18' title="bbox 2200 1338 2314 1494; baseline 0 -50"><span class='ocrx_word' id='word_1_68' title='bbox 2200 1338 2314 1494; x_wconf 95' lang='lat' dir='ltr'>   </span> 
     </span>
     <span class='ocr_line' id='line_1_19' title="bbox 2202 1494 2314 1583; baseline 0 0"><span class='ocrx_word' id='word_1_69' title='bbox 2202 1494 2314 1583; x_wconf 95' lang='lat' dir='ltr'>  </span> 
     </span>
     <span class='ocr_line' id='line_1_20' title="bbox 2218 1583 2314 1636; baseline 0 1782"><span class='ocrx_word' id='word_1_70' title='bbox 2218 1583 2314 1636; x_wconf 95' lang='lat' dir='ltr'> </span> 
     </span>
     <span class='ocr_line' id='line_1_21' title="bbox 2190 1636 2314 1691; baseline 0 1727"><span class='ocrx_word' id='word_1_71' title='bbox 2190 1636 2314 1691; x_wconf 95' lang='lat' dir='ltr'> </span> 
     </span>
     <span class='ocr_line' id='line_1_22' title="bbox 2190 1691 2314 1743; baseline 0 1675"><span class='ocrx_word' id='word_1_72' title='bbox 2190 1691 2314 1743; x_wconf 95' lang='lat' dir='ltr'> </span> 
     </span>
     <span class='ocr_line' id='line_1_23' title="bbox 2190 1743 2314 1795; baseline 0 1623"><span class='ocrx_word' id='word_1_73' title='bbox 2190 1743 2314 1795; x_wconf 95' lang='lat' dir='ltr'> </span> 
     </span>
     <span class='ocr_line' id='line_1_24' title="bbox 2190 1795 2314 1848; baseline 0 1570"><span class='ocrx_word' id='word_1_74' title='bbox 2190 1795 2314 1848; x_wconf 95' lang='lat' dir='ltr'> </span> 
     </span>
     <span class='ocr_line' id='line_1_25' title="bbox 2183 1848 2314 1971; baseline 0 0"><span class='ocrx_word' id='word_1_75' title='bbox 2183 1848 2314 1971; x_wconf 95' lang='lat' dir='ltr'>   </span> 
     </span>
     <span class='ocr_line' id='line_1_26' title="bbox 2190 1971 2314 2076; baseline 0 0"><span class='ocrx_word' id='word_1_76' title='bbox 2190 1971 2314 2076; x_wconf 95' lang='lat' dir='ltr'>   </span> 
     </span>
     <span class='ocr_line' id='line_1_27' title="bbox 2183 2076 2314 2219; baseline 0 0"><span class='ocrx_word' id='word_1_77' title='bbox 2183 2076 2314 2219; x_wconf 95' lang='lat' dir='ltr'>  </span> 
     </span>
     <span class='ocr_line' id='line_1_28' title="bbox 2123 2219 2314 2383; baseline 0 -44"><span class='ocrx_word' id='word_1_78' title='bbox 2123 2219 2314 2383; x_wconf 95' lang='lat' dir='ltr'>     </span> 
     </span>
     <span class='ocr_line' id='line_1_29' title="bbox 2174 2383 2314 2521; baseline 0 -69"><span class='ocrx_word' id='word_1_79' title='bbox 2174 2383 2314 2521; x_wconf 95' lang='lat' dir='ltr'>   </span> 
     </span>
     <span class='ocr_line' id='line_1_30' title="bbox 2141 2521 2314 2618; baseline 0 -56"><span class='ocrx_word' id='word_1_80' title='bbox 2141 2521 2314 2618; x_wconf 95' lang='lat' dir='ltr'>    </span> 
     </span>
     <span class='ocr_line' id='line_1_31' title="bbox 2082 2618 2314 2732; baseline 0 -72"><span class='ocrx_word' id='word_1_81' title='bbox 2082 2618 2314 2732; x_wconf 95' lang='lat' dir='ltr'>    </span> 
     </span>
     <span class='ocr_line' id='line_1_32' title="bbox 2091 2732 2314 2913; baseline 0 -25"><span class='ocrx_word' id='word_1_82' title='bbox 2091 2732 2314 2913; x_wconf 95' lang='lat' dir='ltr'>   </span> 
     </span>
     <span class='ocr_line' id='line_1_33' title="bbox 2156 2913 2314 3418; baseline 0 -432"><span class='ocrx_word' id='word_1_83' title='bbox 2156 2913 2314 3418; x_wconf 95' lang='lat' dir='ltr'>  </span> 
     </span>
    </p>
   </div>
   <div class='ocr_carea' id='block_1_6' title="bbox 350 316 2265 1466">
    <p class='ocr_par' dir='ltr' id='par_1_6' title="bbox 350 316 2265 1158">
     <span class='ocr_line' id='line_1_34' title="bbox 355 316 2189 360; baseline -0.002 -3"><span class='ocrx_word' id='word_1_84' title='bbox 355 335 438 357; x_wconf 90' lang='lat' dir='ltr'>vero</span> <span class='ocrx_word' id='word_1_85' title='bbox 462 323 528 356; x_wconf 89' lang='lat' dir='ltr'>sibi</span> <span class='ocrx_word' id='word_1_86' title='bbox 552 331 747 359; x_wconf 90' lang='lat' dir='ltr'>occurrens,</span> <span class='ocrx_word' id='word_1_87' title='bbox 771 326 866 353; x_wconf 87' lang='lat' dir='ltr'>tanta</span> <span class='ocrx_word' id='word_1_88' title='bbox 889 318 1103 351; x_wconf 83' lang='lat' dir='ltr'>multitudine</span> <span class='ocrx_word' id='word_1_89' title='bbox 1134 317 1290 360; x_wconf 85' lang='lat' dir='ltr'>undique</span> <span class='ocrx_word' id='word_1_90' title='bbox 1322 316 1544 359; x_wconf 78' lang='lat' dir='ltr'><strong>constipatur,</strong></span> <span class='ocrx_word' id='word_1_91' title='bbox 1574 323 1612 350; x_wconf 92' lang='lat' dir='ltr'>ut</span> <span class='ocrx_word' id='word_1_92' title='bbox 1637 317 1763 351; x_wconf 88' lang='lat' dir='ltr'>nullius</span> <span class='ocrx_word' id='word_1_93' title='bbox 1793 319 1919 352; x_wconf 86' lang='lat' dir='ltr'>montis</span> <span class='ocrx_word' id='word_1_94' title='bbox 1949 329 2113 352; x_wconf 87' lang='lat' dir='ltr'>ascensus</span> <span class='ocrx_word' id='word_1_95' title='bbox 2143 320 2189 353; x_wconf 87' lang='lat' dir='ltr'>ad</span> 
     </span>
     <span class='ocr_line' id='line_1_35' title="bbox 355 368 2189 419; baseline -0.002 -10"><span class='ocrx_word' id='word_1_96' title='bbox 355 375 643 419; x_wconf 81' lang='lat' dir='ltr'>supervidendum</span> <span class='ocrx_word' id='word_1_97' title='bbox 668 373 915 405; x_wconf 86' lang='lat' dir='ltr'><strong>extremitatem</strong></span> <span class='ocrx_word' id='word_1_98' title='bbox 938 371 1011 402; x_wconf 87' lang='lat' dir='ltr'>eius</span> <span class='ocrx_word' id='word_1_99' title='bbox 1035 370 1189 402; x_wconf 90' lang='lat' dir='ltr'>sufficere</span> <span class='ocrx_word' id='word_1_100' title='bbox 1205 369 1390 402; x_wconf 85' lang='lat' dir='ltr'>videretur.</span> <span class='ocrx_word' id='word_1_101' title='bbox 1435 368 1541 413; x_wconf 88' lang='lat' dir='ltr'>Angli</span> <span class='ocrx_word' id='word_1_102' title='bbox 1563 380 1658 408; x_wconf 82' lang='lat' dir='ltr'>vero,</span> <span class='ocrx_word' id='word_1_103' title='bbox 1682 380 1769 413; x_wconf 91' lang='lat' dir='ltr'>quos</span> <span class='ocrx_word' id='word_1_104' title='bbox 1792 370 1979 417; x_wconf 87' lang='lat' dir='ltr'>Waringos</span> <span class='ocrx_word' id='word_1_105' title='bbox 2001 372 2189 415; x_wconf 88' lang='lat' dir='ltr'>appellant,</span> 
     </span>
     <span class='ocr_line' id='line_1_36' title="bbox 356 422 2191 470; baseline -0.001 -9"><span class='ocrx_word' id='word_1_106' title='bbox 356 429 399 461; x_wconf 87' lang='lat' dir='ltr'>ab</span> <span class='ocrx_word' id='word_1_107' title='bbox 421 429 626 470; x_wconf 86' lang='lat' dir='ltr'><strong>imperatore</strong></span> <span class='ocrx_word' id='word_1_108' title='bbox 648 425 817 468; x_wconf 89' lang='lat' dir='ltr'>primitias</span> <span class='ocrx_word' id='word_1_109' title='bbox 840 433 1043 466; x_wconf 88' lang='lat' dir='ltr'>congressus</span> <span class='ocrx_word' id='word_1_110' title='bbox 1065 428 1275 465; x_wconf 87' lang='lat' dir='ltr'>expetentes,</span> <span class='ocrx_word' id='word_1_111' title='bbox 1293 422 1482 455; x_wconf 80' lang='lat' dir='ltr'><strong>certamine</strong></span> <span class='ocrx_word' id='word_1_112' title='bbox 1498 422 1595 461; x_wconf 91' lang='lat' dir='ltr'>inito,</span> <span class='ocrx_word' id='word_1_113' title='bbox 1620 423 1775 456; x_wconf 86' lang='lat' dir='ltr'>caudatis</span> <span class='ocrx_word' id='word_1_114' title='bbox 1798 423 1994 458; x_wconf 86' lang='lat' dir='ltr'>bidentibus</span> <span class='ocrx_word' id='word_1_115' title='bbox 2009 443 2051 448; x_wconf 88' lang='lat'><em>-</em></span> <span class='ocrx_word' id='word_1_116' title='bbox 2068 425 2191 468; x_wconf 77' lang='lat' dir='ltr'>quibus</span> 
     </span>
     <span class='ocr_line' id='line_1_37' title="bbox 355 475 2189 524; baseline -0.001 -12"><span class='ocrx_word' id='word_1_117' title='bbox 355 482 420 514; x_wconf 91' lang='lat' dir='ltr'>hoc</span> <span class='ocrx_word' id='word_1_118' title='bbox 442 490 549 524; x_wconf 89' lang='lat' dir='ltr'>genus</span> <span class='ocrx_word' id='word_1_119' title='bbox 572 479 746 511; x_wconf 91' lang='lat' dir='ltr'>hominum</span> <span class='ocrx_word' id='word_1_120' title='bbox 777 477 987 519; x_wconf 86' lang='lat' dir='ltr'>potissimum</span> <span class='ocrx_word' id='word_1_121' title='bbox 1012 476 1118 508; x_wconf 89' lang='lat' dir='ltr'>utitur</span> <span class='ocrx_word' id='word_1_122' title='bbox 1142 494 1182 498; x_wconf 92' lang='lat'><strong>—</strong></span> <span class='ocrx_word' id='word_1_123' title='bbox 1206 475 1427 507; x_wconf 78' lang='lat' dir='ltr'>infestissime</span> <span class='ocrx_word' id='word_1_124' title='bbox 1451 475 1627 513; x_wconf 74' lang='lat' dir='ltr'>instantes,</span> <span class='ocrx_word' id='word_1_125' title='bbox 1651 476 1774 509; x_wconf 85' lang='lat' dir='ltr'>nostris</span> <span class='ocrx_word' id='word_1_126' title='bbox 1796 477 1982 510; x_wconf 84' lang='lat' dir='ltr'><strong>admodum</strong></span> <span class='ocrx_word' id='word_1_127' title='bbox 2005 477 2189 520; x_wconf 86' lang='lat' dir='ltr'>importuni</span> 
     </span>
     <span class='ocr_line' id='line_1_38' title="bbox 354 528 2254 578; baseline -0.001 -12"><span class='ocrx_word' id='word_1_128' title='bbox 354 535 462 577; x_wconf 90' lang='lat' dir='ltr'>primo</span> <span class='ocrx_word' id='word_1_129' title='bbox 484 543 558 565; x_wconf 85' lang='lat' dir='ltr'>esse</span> <span class='ocrx_word' id='word_1_130' title='bbox 582 536 780 574; x_wconf 91' lang='lat' dir='ltr'>coeperunt.</span> <span class='ocrx_word' id='word_1_131' title='bbox 827 530 913 562; x_wconf 91' lang='lat' dir='ltr'>Cum</span> <span class='ocrx_word' id='word_1_132' title='bbox 938 539 1021 562; x_wconf 90' lang='lat' dir='ltr'>ecce</span> <span class='ocrx_word' id='word_1_133' title='bbox 1045 529 1216 572; x_wconf 86' lang='lat' dir='ltr'><strong>quaedam</strong></span> <span class='ocrx_word' id='word_1_134' title='bbox 1240 529 1334 561; x_wconf 86' lang='lat' dir='ltr'>acies</span> <span class='ocrx_word' id='word_1_135' title='bbox 1356 533 1485 567; x_wconf 90' lang='lat' dir='ltr'>nostra,</span> <span class='ocrx_word' id='word_1_136' title='bbox 1514 538 1557 562; x_wconf 86' lang='lat' dir='ltr'>ex</span> <span class='ocrx_word' id='word_1_137' title='bbox 1587 528 1733 562; x_wconf 87' lang='lat' dir='ltr'>adverso</span> <span class='ocrx_word' id='word_1_138' title='bbox 1764 529 1831 563; x_wconf 87' lang='lat' dir='ltr'>illis</span> <span class='ocrx_word' id='word_1_139' title='bbox 1860 530 1922 563; x_wconf 89' lang='lat' dir='ltr'>sub</span> <span class='ocrx_word' id='word_1_140' title='bbox 1953 531 2047 564; x_wconf 93' lang='lat' dir='ltr'>nudo</span> <span class='ocrx_word' id='word_1_141' title='bbox 2079 531 2188 564; x_wconf 89' lang='lat' dir='ltr'>latere</span> <span class='ocrx_word' id='word_1_142' title='bbox 2238 568 2254 578; x_wconf 11' lang='grc' dir='ltr'>Ἴ,</span> 
     </span>
     <span class='ocr_line' id='line_1_39' title="bbox 354 581 2265 632; baseline -0.001 -13"><span class='ocrx_word' id='word_1_143' title='bbox 354 594 585 630; x_wconf 88' lang='lat' dir='ltr'>prorumpens,</span> <span class='ocrx_word' id='word_1_144' title='bbox 609 585 692 616; x_wconf 76' lang='lat' dir='ltr'>fo’rti</span> <span class='ocrx_word' id='word_1_145' title='bbox 717 593 903 627; x_wconf 90' lang='lat' dir='ltr'>congressu</span> <span class='ocrx_word' id='word_1_146' title='bbox 925 582 1099 615; x_wconf 86' lang='lat' dir='ltr'>sauciatos</span> <span class='ocrx_word' id='word_1_147' title='bbox 1122 587 1157 614; x_wconf 90' lang='lat' dir='ltr'>et</span> <span class='ocrx_word' id='word_1_148' title='bbox 1181 581 1224 613; x_wconf 90' lang='lat' dir='ltr'>ab</span> <span class='ocrx_word' id='word_1_149' title='bbox 1246 581 1411 623; x_wconf 91' lang='lat' dir='ltr'>incoepto</span> <span class='ocrx_word' id='word_1_150' title='bbox 1436 581 1620 614; x_wconf 88' lang='lat' dir='ltr'>deterritos</span> <span class='ocrx_word' id='word_1_151' title='bbox 1643 582 1678 614; x_wconf 88' lang='lat' dir='ltr'>in</span> <span class='ocrx_word' id='word_1_152' title='bbox 1700 582 1819 626; x_wconf 79' lang='lat' dir='ltr'>fugam</span> <span class='ocrx_word' id='word_1_153' title='bbox 1843 584 1954 628; x_wconf 88' lang='lat' dir='ltr'>cogit;</span> <span class='ocrx_word' id='word_1_154' title='bbox 1986 585 2045 628; x_wconf 91' lang='lat' dir='ltr'>qui</span> <span class='ocrx_word' id='word_1_155' title='bbox 2068 595 2186 618; x_wconf 89' lang='lat' dir='ltr'>versus</span> <span class='ocrx_word' id='word_1_156' title='bbox 2230 582 2265 632; x_wconf 45' lang='lat' dir='ltr'>f:</span> 
     </span>
     <span class='ocr_line' id='line_1_40' title="bbox 354 634 2261 681; baseline -0.001 -9"><span class='ocrx_word' id='word_1_157' title='bbox 354 639 535 672; x_wconf 90' lang='lat' dir='ltr'>ecclesiam</span> <span class='ocrx_word' id='word_1_158' title='bbox 559 638 670 671; x_wconf 90' lang='lat' dir='ltr'>sancti</span> <span class='ocrx_word' id='word_1_159' title='bbox 693 636 841 675; x_wconf 88' lang='lat' dir='ltr'>Nicolai‚</span> <span class='ocrx_word' id='word_1_160' title='bbox 865 646 954 680; x_wconf 88' lang='lat' dir='ltr'>quae</span> <span class='ocrx_word' id='word_1_161' title='bbox 975 635 1023 667; x_wconf 93' lang='lat' dir='ltr'>ibi</span> <span class='ocrx_word' id='word_1_162' title='bbox 1047 635 1209 678; x_wconf 84' lang='lat' dir='ltr'>contigua</span> <span class='ocrx_word' id='word_1_163' title='bbox 1233 640 1318 674; x_wconf 89' lang='lat' dir='ltr'>erat,</span> <span class='ocrx_word' id='word_1_164' title='bbox 1341 634 1435 666; x_wconf 84' lang='lat' dir='ltr'>vitae</span> <span class='ocrx_word' id='word_1_165' title='bbox 1460 634 1590 677; x_wconf 83' lang='lat' dir='ltr'><strong>asylum</strong></span> <span class='ocrx_word' id='word_1_166' title='bbox 1608 641 1823 678; x_wconf 81' lang='lat' dir='ltr'>expetentes,</span> <span class='ocrx_word' id='word_1_167' title='bbox 1839 637 1920 669; x_wconf 89' lang='lat' dir='ltr'>dum</span> <span class='ocrx_word' id='word_1_168' title='bbox 1936 637 2007 678; x_wconf 86' lang='lat' dir='ltr'>alii,</span> <span class='ocrx_word' id='word_1_169' title='bbox 2023 644 2188 681; x_wconf 88' lang='lat' dir='ltr'>quantum</span> <span class='ocrx_word' id='word_1_170' title='bbox 2232 637 2261 655; x_wconf 69' lang='grc'>’”</span> 
     </span>
     <span class='ocr_line' id='line_1_41' title="bbox 353 687 2228 734; baseline -0.001 -9"><span class='ocrx_word' id='word_1_171' title='bbox 353 692 527 734; x_wconf 83' lang='lat' dir='ltr'>capacitas</span> <span class='ocrx_word' id='word_1_172' title='bbox 549 690 779 734; x_wconf 89' lang='lat' dir='ltr'>permittebat,</span> <span class='ocrx_word' id='word_1_173' title='bbox 802 689 1005 726; x_wconf 82' lang='lat' dir='ltr'>subintrant,</span> <span class='ocrx_word' id='word_1_174' title='bbox 1030 689 1089 720; x_wconf 89' lang='lat' dir='ltr'>alii</span> <span class='ocrx_word' id='word_1_175' title='bbox 1111 693 1206 720; x_wconf 89' lang='lat' dir='ltr'>tanta</span> <span class='ocrx_word' id='word_1_176' title='bbox 1230 687 1448 720; x_wconf 68' lang='lat' dir='ltr'>multitudine</span> <span class='ocrx_word' id='word_1_177' title='bbox 1464 693 1557 720; x_wconf 88' lang='lat' dir='ltr'>tecta</span> <span class='ocrx_word' id='word_1_178' title='bbox 1572 689 1858 730; x_wconf 87' lang='lat' dir='ltr'>superscandunt,</span> <span class='ocrx_word' id='word_1_179' title='bbox 1879 696 1917 722; x_wconf 91' lang='lat' dir='ltr'>ut</span> <span class='ocrx_word' id='word_1_180' title='bbox 1937 690 2092 733; x_wconf 89' lang='lat' dir='ltr'>pondere</span> <span class='ocrx_word' id='word_1_181' title='bbox 2114 690 2189 733; x_wconf 87' lang='lat' dir='ltr'>ipsa</span> <span class='ocrx_word' id='word_1_182' title='bbox 2226 711 2228 714; x_wconf 42' lang='lat' dir='ltr'>v</span> 
     </span>
     <span class='ocr_line' id='line_1_42' title="bbox 354 740 2228 788; baseline -0.001 -10"><span class='ocrx_word' id='word_1_183' title='bbox 354 750 444 778; x_wconf 87' lang='lat' dir='ltr'>tecta</span> <span class='ocrx_word' id='word_1_184' title='bbox 467 744 630 776; x_wconf 88' lang='lat' dir='ltr'>dissoluta</span> <span class='ocrx_word' id='word_1_185' title='bbox 660 742 943 780; x_wconf 88' lang='lat' dir='ltr'>consubruantur,</span> <span class='ocrx_word' id='word_1_186' title='bbox 967 741 1043 774; x_wconf 90' lang='lat' dir='ltr'>illos</span> <span class='ocrx_word' id='word_1_187' title='bbox 1073 741 1131 784; x_wconf 90' lang='lat' dir='ltr'>qui</span> <span class='ocrx_word' id='word_1_188' title='bbox 1162 740 1436 773; x_wconf 83' lang='lat' dir='ltr'>subintraverant</span> <span class='ocrx_word' id='word_1_189' title='bbox 1466 741 1709 783; x_wconf 88' lang='lat' dir='ltr'>opprimentes,</span> <span class='ocrx_word' id='word_1_190' title='bbox 1740 741 1852 774; x_wconf 88' lang='lat' dir='ltr'>collisi</span> <span class='ocrx_word' id='word_1_191' title='bbox 1877 743 2008 785; x_wconf 90' lang='lat' dir='ltr'>pariter</span> <span class='ocrx_word' id='word_1_192' title='bbox 2036 743 2187 776; x_wconf 76' lang='lat' dir='ltr'>suffoca·</span> <span class='ocrx_word' id='word_1_193' title='bbox 2226 786 2228 788; x_wconf 17' lang='lat' dir='ltr'>v</span> 
     </span>
     <span class='ocr_line' id='line_1_43' title="bbox 351 790 2227 839; baseline -0.001 -9"><span class='ocrx_word' id='word_1_194' title='bbox 351 804 476 831; x_wconf 88' lang='lat' dir='ltr'>rentur.</span> <span class='ocrx_word' id='word_1_195' title='bbox 521 797 633 829; x_wconf 90' lang='lat' dir='ltr'>Porro</span> <span class='ocrx_word' id='word_1_196' title='bbox 656 796 850 839; x_wconf 89' lang='lat' dir='ltr'>imperator,</span> <span class='ocrx_word' id='word_1_197' title='bbox 873 795 996 828; x_wconf 88' lang='lat' dir='ltr'>videns</span> <span class='ocrx_word' id='word_1_198' title='bbox 1017 793 1212 837; x_wconf 89' lang='lat' dir='ltr'>Waringos,</span> <span class='ocrx_word' id='word_1_199' title='bbox 1235 793 1272 825; x_wconf 91' lang='lat' dir='ltr'>in</span> <span class='ocrx_word' id='word_1_200' title='bbox 1288 792 1412 836; x_wconf 89' lang='lat' dir='ltr'>quibus</span> <span class='ocrx_word' id='word_1_201' title='bbox 1426 793 1492 826; x_wconf 90' lang='lat' dir='ltr'>sibi</span> <span class='ocrx_word' id='word_1_202' title='bbox 1507 795 1656 826; x_wconf 88' lang='lat' dir='ltr'>maxima</span> <span class='ocrx_word' id='word_1_203' title='bbox 1670 804 1748 837; x_wconf 87' lang='lat' dir='ltr'>spes</span> <span class='ocrx_word' id='word_1_204' title='bbox 1763 794 1930 828; x_wconf 84' lang='lat' dir='ltr'>victoriae</span> <span class='ocrx_word' id='word_1_205' title='bbox 1946 795 2071 835; x_wconf 74' lang='lat' dir='ltr'>fuerat,</span> <span class='ocrx_word' id='word_1_206' title='bbox 2086 807 2186 829; x_wconf 88' lang='lat' dir='ltr'>ener-</span> <span class='ocrx_word' id='word_1_207' title='bbox 2226 790 2227 794; x_wconf 53' lang='grc'>’</span> 
     </span>
     <span class='ocr_line' id='line_1_44' title="bbox 351 847 2229 894; baseline -0.001 -10"><span class='ocrx_word' id='word_1_208' title='bbox 351 851 441 884; x_wconf 90' lang='lat' dir='ltr'>viter</span> <span class='ocrx_word' id='word_1_209' title='bbox 463 856 652 893; x_wconf 87' lang='lat' dir='ltr'>superatos,</span> <span class='ocrx_word' id='word_1_210' title='bbox 683 855 717 882; x_wconf 90' lang='lat' dir='ltr'>et</span> <span class='ocrx_word' id='word_1_211' title='bbox 747 854 881 881; x_wconf 90' lang='lat' dir='ltr'>nostros</span> <span class='ocrx_word' id='word_1_212' title='bbox 911 848 1131 891; x_wconf 83' lang='lat' dir='ltr'>insequentes</span> <span class='ocrx_word' id='word_1_213' title='bbox 1163 847 1344 879; x_wconf 89' lang='lat' dir='ltr'>adversum</span> <span class='ocrx_word' id='word_1_214' title='bbox 1378 849 1426 879; x_wconf 90' lang='lat' dir='ltr'>&#39;se</span> <span class='ocrx_word' id='word_1_215' title='bbox 1456 847 1626 879; x_wconf 87' lang='lat' dir='ltr'>acerrime</span> <span class='ocrx_word' id='word_1_216' title='bbox 1655 848 1855 888; x_wconf 87' lang='lat' dir='ltr'>adventare,</span> <span class='ocrx_word' id='word_1_217' title='bbox 1878 849 2029 888; x_wconf 89' lang='lat' dir='ltr'>territus,</span> <span class='ocrx_word' id='word_1_218' title='bbox 2059 849 2189 894; x_wconf 74' lang='lat' dir='ltr'>fugam,</span> <span class='ocrx_word' id='word_1_219' title='bbox 2222 851 2229 858; x_wconf 52' lang='lat'>⁸</span> 
     </span>
     <span class='ocr_line' id='line_1_45' title="bbox 351 900 2239 951; baseline -0.001 -15"><span class='ocrx_word' id='word_1_220' title='bbox 351 903 465 946; x_wconf 88' lang='lat' dir='ltr'>potius</span> <span class='ocrx_word' id='word_1_221' title='bbox 481 914 581 946; x_wconf 91' lang='lat' dir='ltr'>quam</span> <span class='ocrx_word' id='word_1_222' title='bbox 598 908 782 939; x_wconf 90' lang='lat' dir='ltr'>certamen,</span> <span class='ocrx_word' id='word_1_223' title='bbox 799 901 911 944; x_wconf 89' lang='lat' dir='ltr'>eligit:</span> <span class='ocrx_word' id='word_1_224' title='bbox 929 901 1106 943; x_wconf 91' lang='lat' dir='ltr'>omnisque</span> <span class='ocrx_word' id='word_1_225' title='bbox 1124 901 1295 932; x_wconf 87' lang='lat' dir='ltr'>exercitus</span> <span class='ocrx_word' id='word_1_226' title='bbox 1312 900 1537 939; x_wconf 87' lang='lat' dir='ltr'>Graecorum,</span> <span class='ocrx_word' id='word_1_227' title='bbox 1559 900 1718 933; x_wconf 87' lang='lat' dir='ltr'>tentoriis</span> <span class='ocrx_word' id='word_1_228' title='bbox 1741 912 1818 934; x_wconf 90' lang='lat' dir='ltr'>cum</span> <span class='ocrx_word' id='word_1_229' title='bbox 1843 902 1936 934; x_wconf 91' lang='lat' dir='ltr'>omni</span> <span class='ocrx_word' id='word_1_230' title='bbox 1956 901 2188 945; x_wconf 84' lang='lat' dir='ltr'>suppellectili</span> <span class='ocrx_word' id='word_1_231' title='bbox 2220 923 2239 951; x_wconf 50' lang='lat'><em>3</em></span> 
     </span>
     <span class='ocr_line' id='line_1_46' title="bbox 351 953 2188 998; baseline -0.001 -9"><span class='ocrx_word' id='word_1_232' title='bbox 351 967 412 989; x_wconf 87' lang='lat' dir='ltr'>sua</span> <span class='ocrx_word' id='word_1_233' title='bbox 434 956 575 994; x_wconf 86' lang='lat' dir='ltr'>relictis,</span> <span class='ocrx_word' id='word_1_234' title='bbox 600 955 744 998; x_wconf 89' lang='lat' dir='ltr'>quisque</span> <span class='ocrx_word' id='word_1_235' title='bbox 768 954 861 997; x_wconf 89' lang='lat' dir='ltr'>prior</span> <span class='ocrx_word' id='word_1_236' title='bbox 884 955 919 986; x_wconf 93' lang='lat' dir='ltr'>in</span> <span class='ocrx_word' id='word_1_237' title='bbox 943 954 1027 998; x_wconf 76' lang='lat' dir='ltr'>fuga</span> <span class='ocrx_word' id='word_1_238' title='bbox 1050 953 1122 985; x_wconf 89' lang='lat' dir='ltr'>fieri</span> <span class='ocrx_word' id='word_1_239' title='bbox 1146 953 1330 985; x_wconf 84' lang='lat' dir='ltr'>accelerat.</span> <span class='ocrx_word' id='word_1_240' title='bbox 1375 953 1492 985; x_wconf 86' lang='lat' dir='ltr'>Nostri</span> <span class='ocrx_word' id='word_1_241' title='bbox 1514 954 1631 996; x_wconf 89' lang='lat' dir='ltr'>itaque</span> <span class='ocrx_word' id='word_1_242' title='bbox 1654 953 1833 987; x_wconf 89' lang='lat' dir='ltr'>victoriam</span> <span class='ocrx_word' id='word_1_243' title='bbox 1856 955 1984 997; x_wconf 89' lang='lat' dir='ltr'>adepti,</span> <span class='ocrx_word' id='word_1_244' title='bbox 2007 956 2097 988; x_wconf 87' lang='lat' dir='ltr'>duce</span> <span class='ocrx_word' id='word_1_245' title='bbox 2127 965 2188 988; x_wconf 84' lang='lat' dir='ltr'>eos</span> 
     </span>
     <span class='ocr_line' id='line_1_47' title="bbox 350 1006 2189 1052; baseline -0.001 -11"><span class='ocrx_word' id='word_1_246' title='bbox 350 1011 568 1052; x_wconf 88' lang='lat' dir='ltr'>reprimente,</span> <span class='ocrx_word' id='word_1_247' title='bbox 591 1009 683 1040; x_wconf 90' lang='lat' dir='ltr'>haud</span> <span class='ocrx_word' id='word_1_248' title='bbox 699 1009 802 1052; x_wconf 86' lang='lat' dir='ltr'>longe</span> <span class='ocrx_word' id='word_1_249' title='bbox 827 1008 1000 1050; x_wconf 81' lang='lat' dir='ltr'>fugientes</span> <span class='ocrx_word' id='word_1_250' title='bbox 1022 1006 1199 1048; x_wconf 86' lang='lat' dir='ltr'>persecuti</span> <span class='ocrx_word' id='word_1_251' title='bbox 1223 1011 1320 1044; x_wconf 83' lang='lat' dir='ltr'>sunt3</span> <span class='ocrx_word' id='word_1_252' title='bbox 1342 1006 1405 1038; x_wconf 90' lang='lat' dir='ltr'>sed</span> <span class='ocrx_word' id='word_1_253' title='bbox 1429 1006 1473 1039; x_wconf 87' lang='lat' dir='ltr'>ad</span> <span class='ocrx_word' id='word_1_254' title='bbox 1497 1012 1609 1039; x_wconf 86' lang='lat' dir='ltr'>castra</span> <span class='ocrx_word' id='word_1_255' title='bbox 1632 1017 1750 1039; x_wconf 91' lang='lat' dir='ltr'>eorum</span> <span class='ocrx_word' id='word_1_256' title='bbox 1773 1008 1930 1052; x_wconf 81' lang='lat' dir='ltr'>regressi,</span> <span class='ocrx_word' id='word_1_257' title='bbox 1961 1008 2033 1040; x_wconf 82' lang='lat' dir='ltr'>dux</span> <span class='ocrx_word' id='word_1_258' title='bbox 2055 1007 2091 1040; x_wconf 88' lang='lat' dir='ltr'>in</span> <span class='ocrx_word' id='word_1_259' title='bbox 2112 1014 2189 1042; x_wconf 90' lang='lat' dir='ltr'>ten-</span> 
     </span>
     <span class='ocr_line' id='line_1_48' title="bbox 351 1058 2227 1105; baseline -0.001 -10"><span class='ocrx_word' id='word_1_260' title='bbox 351 1063 447 1096; x_wconf 90' lang='lat' dir='ltr'>toriis</span> <span class='ocrx_word' id='word_1_261' title='bbox 469 1062 686 1105; x_wconf 89' lang='lat' dir='ltr'>imperatoris</span> <span class='ocrx_word' id='word_1_262' title='bbox 709 1061 910 1103; x_wconf 86' lang='lat' dir='ltr'>hospitatur,</span> <span class='ocrx_word' id='word_1_263' title='bbox 934 1059 1074 1098; x_wconf 86' lang='lat' dir='ltr'>caeteri,</span> <span class='ocrx_word' id='word_1_264' title='bbox 1091 1060 1149 1103; x_wconf 90' lang='lat' dir='ltr'>qui</span> <span class='ocrx_word' id='word_1_265' title='bbox 1166 1059 1299 1102; x_wconf 89' lang='lat' dir='ltr'>priores</span> <span class='ocrx_word' id='word_1_266' title='bbox 1315 1058 1541 1097; x_wconf 85' lang='lat' dir='ltr'>accedebant,</span> <span class='ocrx_word' id='word_1_267' title='bbox 1562 1060 1767 1102; x_wconf 88' lang='lat' dir='ltr'>pretiosiora</span> <span class='ocrx_word' id='word_1_268' title='bbox 1791 1060 1941 1103; x_wconf 86' lang='lat' dir='ltr'>hospitia</span> <span class='ocrx_word' id='word_1_269' title='bbox 1965 1071 2043 1094; x_wconf 88' lang='lat' dir='ltr'>cum</span> <span class='ocrx_word' id='word_1_270' title='bbox 2065 1061 2188 1105; x_wconf 85' lang='lat' dir='ltr'>spoliis</span> <span class='ocrx_word' id='word_1_271' title='bbox 2208 1071 2227 1103; x_wconf 62' lang='lat' dir='ltr'>&gt;j</span> 
     </span>
     <span class='ocr_line' id='line_1_49' title="bbox 350 1113 2225 1158; baseline -0.001 -10"><span class='ocrx_word' id='word_1_272' title='bbox 350 1120 516 1158; x_wconf 86' lang='lat' dir='ltr'>usurpant</span> <span class='ocrx_word' id='word_1_273' title='bbox 528 1114 548 1147; x_wconf 88' lang='lat'>¹.</span> <span class='ocrx_word' id='word_1_274' title='bbox 2220 1113 2225 1123; x_wconf 77' lang='grc'><strong><em>”</em></strong></span> 
     </span>
    </p>

    <p class='ocr_par' dir='ltr' id='par_1_7' title="bbox 350 1164 2232 1466">
     <span class='ocr_line' id='line_1_50' title="bbox 437 1164 2232 1212; baseline 0 -12"><span class='ocrx_word' id='word_1_275' title='bbox 437 1168 514 1199; x_wconf 86' lang='lat' dir='ltr'>Dux</span> <span class='ocrx_word' id='word_1_276' title='bbox 536 1177 630 1210; x_wconf 88' lang='lat' dir='ltr'>ergo,</span> <span class='ocrx_word' id='word_1_277' title='bbox 654 1167 777 1199; x_wconf 90' lang='lat' dir='ltr'>videns</span> <span class='ocrx_word' id='word_1_278' title='bbox 800 1166 946 1198; x_wconf 87' lang='lat' dir='ltr'>hiemem</span> <span class='ocrx_word' id='word_1_279' title='bbox 969 1164 1036 1197; x_wconf 90' lang='lat' dir='ltr'>sibi</span> <span class='ocrx_word' id='word_1_280' title='bbox 1059 1166 1240 1198; x_wconf 88' lang='lat' dir='ltr'>imminere</span> <span class='ocrx_word' id='word_1_281' title='bbox 1258 1184 1294 1189; x_wconf 91' lang='lat'><em>-</em></span> <span class='ocrx_word' id='word_1_282' title='bbox 1315 1165 1441 1198; x_wconf 88' lang='lat' dir='ltr'>mensis</span> <span class='ocrx_word' id='word_1_283' title='bbox 1457 1166 1548 1199; x_wconf 89' lang='lat' dir='ltr'>enim</span> <span class='ocrx_word' id='word_1_284' title='bbox 1571 1172 1646 1198; x_wconf 91' lang='lat' dir='ltr'>erat</span> <span class='ocrx_word' id='word_1_285' title='bbox 1668 1167 1813 1200; x_wconf 92' lang='lat' dir='ltr'>october</span> <span class='ocrx_word' id='word_1_286' title='bbox 1830 1167 1970 1199; x_wconf 87' lang='lat' dir='ltr'>—inde</span> <span class='ocrx_word' id='word_1_287' title='bbox 1985 1177 2187 1212; x_wconf 81' lang='lat' dir='ltr'>progressus</span> <span class='ocrx_word' id='word_1_288' title='bbox 2214 1174 2232 1206; x_wconf 64' lang='grc' dir='ltr'>(ζ</span> 
     </span>
     <span class='ocr_line' id='line_1_51' title="bbox 351 1218 2185 1264; baseline 0.001 -11"><span class='ocrx_word' id='word_1_289' title='bbox 351 1231 454 1264; x_wconf 90' lang='lat' dir='ltr'>super</span> <span class='ocrx_word' id='word_1_290' title='bbox 475 1221 614 1253; x_wconf 86' lang='lat' dir='ltr'>fluvium</span> <span class='ocrx_word' id='word_1_291' title='bbox 637 1219 905 1252; x_wconf 90' lang='lat' dir='ltr'>Daemoniorum</span> <span class='ocrx_word' id='word_1_292' title='bbox 917 1218 940 1258; x_wconf 77' lang='lat'>²,</span> <span class='ocrx_word' id='word_1_293' title='bbox 964 1225 1112 1250; x_wconf 87' lang='lat' dir='ltr'>castrum</span> <span class='ocrx_word' id='word_1_294' title='bbox 1136 1219 1179 1250; x_wconf 88' lang='lat' dir='ltr'>ad</span> <span class='ocrx_word' id='word_1_295' title='bbox 1211 1218 1431 1251; x_wconf 85' lang='lat' dir='ltr'>hiemandum</span> <span class='ocrx_word' id='word_1_296' title='bbox 1463 1220 1668 1252; x_wconf 86' lang='lat' dir='ltr'>construxit:</span> <span class='ocrx_word' id='word_1_297' title='bbox 1700 1221 1804 1263; x_wconf 92' lang='lat' dir='ltr'>quod,</span> <span class='ocrx_word' id='word_1_298' title='bbox 1836 1231 1879 1252; x_wconf 87' lang='lat' dir='ltr'>ex</span> <span class='ocrx_word' id='word_1_299' title='bbox 1908 1230 1969 1253; x_wconf 90' lang='lat' dir='ltr'>suo</span> <span class='ocrx_word' id='word_1_300' title='bbox 2000 1221 2185 1264; x_wconf 83' lang='lat' dir='ltr'>agnomine</span> 
     </span>
     <span class='ocr_line' id='line_1_52' title="bbox 351 1272 2220 1316; baseline -0.001 -9"><span class='ocrx_word' id='word_1_301' title='bbox 351 1284 490 1312; x_wconf 89' lang='lat' dir='ltr'>vocans,</span> <span class='ocrx_word' id='word_1_302' title='bbox 514 1279 664 1306; x_wconf 89' lang='lat' dir='ltr'>montem</span> <span class='ocrx_word' id='word_1_303' title='bbox 688 1272 872 1306; x_wconf 83' lang='lat' dir='ltr'>Guiscardi</span> <span class='ocrx_word' id='word_1_304' title='bbox 895 1272 1097 1314; x_wconf 87' lang='lat' dir='ltr'>appellavit:</span> <span class='ocrx_word' id='word_1_305' title='bbox 1130 1283 1150 1304; x_wconf 90' lang='lat' dir='ltr'>a</span> <span class='ocrx_word' id='word_1_306' title='bbox 1180 1282 1249 1314; x_wconf 91' lang='lat' dir='ltr'>quo</span> <span class='ocrx_word' id='word_1_307' title='bbox 1282 1272 1384 1305; x_wconf 88' lang='lat' dir='ltr'>etiam</span> <span class='ocrx_word' id='word_1_308' title='bbox 1415 1272 1532 1306; x_wconf 89' lang='lat' dir='ltr'>diatim</span> <span class='ocrx_word' id='word_1_309' title='bbox 1563 1283 1672 1316; x_wconf 90' lang='lat' dir='ltr'>usque</span> <span class='ocrx_word' id='word_1_310' title='bbox 1702 1274 1890 1306; x_wconf 88' lang='lat' dir='ltr'>Duracium</span> <span class='ocrx_word' id='word_1_311' title='bbox 1921 1279 2053 1306; x_wconf 85' lang='lat' dir='ltr'>armata</span> <span class='ocrx_word' id='word_1_312' title='bbox 2081 1284 2185 1306; x_wconf 84' lang='lat' dir='ltr'>manu</span> <span class='ocrx_word' id='word_1_313' title='bbox 2218 1286 2220 1289; x_wconf 62' lang='grc'>’</span> 
     </span>
     <span class='ocr_line' id='line_1_53' title="bbox 350 1325 2210 1371; baseline 0 -11"><span class='ocrx_word' id='word_1_314' title='bbox 350 1327 586 1371; x_wconf 88' lang='lat' dir='ltr'>progrediens,</span> <span class='ocrx_word' id='word_1_315' title='bbox 610 1326 754 1359; x_wconf 85' lang='lat' dir='ltr'>diversis</span> <span class='ocrx_word' id='word_1_316' title='bbox 775 1325 1026 1358; x_wconf 88' lang='lat' dir='ltr'>incursionibus</span> <span class='ocrx_word' id='word_1_317' title='bbox 1049 1325 1171 1358; x_wconf 91' lang='lat' dir='ltr'>crebro</span> <span class='ocrx_word' id='word_1_318' title='bbox 1189 1325 1372 1358; x_wconf 88' lang='lat' dir='ltr'>lacessivit.</span> <span class='ocrx_word' id='word_1_319' title='bbox 1418 1326 1542 1359; x_wconf 86' lang='lat' dir='ltr'>Castra</span> <span class='ocrx_word' id='word_1_320' title='bbox 1564 1336 1646 1358; x_wconf 89' lang='lat' dir='ltr'>vero</span> <span class='ocrx_word' id='word_1_321' title='bbox 1663 1326 1799 1359; x_wconf 90' lang='lat' dir='ltr'>diversa</span> <span class='ocrx_word' id='word_1_322' title='bbox 1816 1327 1968 1359; x_wconf 90' lang='lat' dir='ltr'>eiusdem</span> <span class='ocrx_word' id='word_1_323' title='bbox 1983 1327 2186 1370; x_wconf 84' lang='lat' dir='ltr'>provinciae</span> <span class='ocrx_word' id='word_1_324' title='bbox 2207 1346 2210 1349; x_wconf 43' lang='lat' dir='ltr'>v</span> 
     </span>
     <span class='ocr_line' id='line_1_54' title="bbox 354 1377 2224 1422; baseline 0 -9"><span class='ocrx_word' id='word_1_325' title='bbox 354 1380 427 1413; x_wconf 91' lang='lat' dir='ltr'>eius</span> <span class='ocrx_word' id='word_1_326' title='bbox 449 1379 708 1412; x_wconf 75' lang='lat' dir='ltr'>infestationem</span> <span class='ocrx_word' id='word_1_327' title='bbox 738 1379 831 1411; x_wconf 76' lang='lat' dir='ltr'>ferre</span> <span class='ocrx_word' id='word_1_328' title='bbox 855 1389 924 1411; x_wconf 91' lang='lat' dir='ltr'>non</span> <span class='ocrx_word' id='word_1_329' title='bbox 947 1377 1120 1417; x_wconf 88' lang='lat' dir='ltr'>valentes,&#39;</span> <span class='ocrx_word' id='word_1_330' title='bbox 1144 1379 1288 1411; x_wconf 76' lang='lat' dir='ltr'>foedere</span> <span class='ocrx_word' id='word_1_331' title='bbox 1319 1389 1396 1410; x_wconf 94' lang='lat' dir='ltr'>cum</span> <span class='ocrx_word' id='word_1_332' title='bbox 1420 1379 1496 1421; x_wconf 89' lang='lat' dir='ltr'>ipso</span> <span class='ocrx_word' id='word_1_333' title='bbox 1527 1379 1730 1422; x_wconf 88' lang='lat' dir='ltr'>composito,</span> <span class='ocrx_word' id='word_1_334' title='bbox 1762 1380 1975 1413; x_wconf 90' lang='lat' dir='ltr'>deditionem</span> <span class='ocrx_word' id='word_1_335' title='bbox 2005 1380 2186 1420; x_wconf 77' lang='lat' dir='ltr'>facientes,</span> <span class='ocrx_word' id='word_1_336' title='bbox 2220 1414 2224 1422; x_wconf 66' lang='lat'>‚</span> 
     </span>
     <span class='ocr_line' id='line_1_55' title="bbox 350 1433 674 1466; baseline -0.006 0"><span class='ocrx_word' id='word_1_337' title='bbox 350 1433 414 1466; x_wconf 88' lang='lat' dir='ltr'>sibi</span> <span class='ocrx_word' id='word_1_338' title='bbox 437 1433 674 1466; x_wconf 88' lang='lat' dir='ltr'>conciliantur.</span> 
     </span>
    </p>
   </div>
   <div class='ocr_carea' id='block_1_7' title="bbox 348 1511 2218 2038">
    <p class='ocr_par' dir='ltr' id='par_1_8' title="bbox 348 1511 2219 2038">
     <span class='ocr_line' id='line_1_56' title="bbox 436 1511 2209 1561; baseline 0.002 -13"><span class='ocrx_word' id='word_1_339' title='bbox 436 1516 604 1549; x_wconf 87' lang='lat' dir='ltr'><strong>XXVIII.</strong></span> <span class='ocrx_word' id='word_1_340' title='bbox 629 1534 670 1539; x_wconf 91' lang='lat'>-—</span> <span class='ocrx_word' id='word_1_341' title='bbox 693 1516 778 1548; x_wconf 88' lang='lat' dir='ltr'>Erat</span> <span class='ocrx_word' id='word_1_342' title='bbox 800 1522 924 1554; x_wconf 90' lang='lat' dir='ltr'>autem,</span> <span class='ocrx_word' id='word_1_343' title='bbox 947 1526 989 1548; x_wconf 89' lang='lat' dir='ltr'>ea</span> <span class='ocrx_word' id='word_1_344' title='bbox 1019 1521 1234 1558; x_wconf 82' lang='lat' dir='ltr'>tempestate,</span> <span class='ocrx_word' id='word_1_345' title='bbox 1264 1517 1358 1559; x_wconf 88' lang='lat' dir='ltr'>apud</span> <span class='ocrx_word' id='word_1_346' title='bbox 1387 1517 1575 1549; x_wconf 89' lang='lat' dir='ltr'>Duracium</span> <span class='ocrx_word' id='word_1_347' title='bbox 1605 1516 1831 1550; x_wconf 78' lang='lat' dir='ltr'>venetianus³</span> <span class='ocrx_word' id='word_1_348' title='bbox 1862 1517 2014 1561; x_wconf 86' lang='lat' dir='ltr'>quidam,</span> <span class='ocrx_word' id='word_1_349' title='bbox 2044 1517 2185 1552; x_wconf 81' lang='lat' dir='ltr'>nomine</span> <span class='ocrx_word' id='word_1_350' title='bbox 2208 1511 2209 1514; x_wconf 11' lang='grc' dir='ltr'><strong>Ἴ</strong></span> 
     </span>
     <span class='ocr_line' id='line_1_57' title="bbox 349 1569 2218 1614; baseline 0.001 -12"><span class='ocrx_word' id='word_1_351' title='bbox 349 1569 561 1607; x_wconf 90' lang='lat' dir='ltr'>Dominicus,</span> <span class='ocrx_word' id='word_1_352' title='bbox 586 1569 692 1602; x_wconf 92' lang='lat' dir='ltr'>nobili</span> <span class='ocrx_word' id='word_1_353' title='bbox 716 1579 854 1612; x_wconf 89' lang='lat' dir='ltr'>genere,</span> <span class='ocrx_word' id='word_1_354' title='bbox 878 1569 976 1601; x_wconf 91' lang='lat' dir='ltr'>cuius</span> <span class='ocrx_word' id='word_1_355' title='bbox 998 1569 1238 1611; x_wconf 89' lang='lat' dir='ltr'>providentiae</span> <span class='ocrx_word' id='word_1_356' title='bbox 1261 1569 1372 1612; x_wconf 87' lang='lat' dir='ltr'>major</span> <span class='ocrx_word' id='word_1_357' title='bbox 1394 1569 1496 1601; x_wconf 86' lang='lat' dir='ltr'>turris</span> <span class='ocrx_word' id='word_1_358' title='bbox 1518 1570 1563 1602; x_wconf 89' lang='lat' dir='ltr'>ad</span> <span class='ocrx_word' id='word_1_359' title='bbox 1585 1570 1753 1602; x_wconf 90' lang='lat' dir='ltr'>tuendum</span> <span class='ocrx_word' id='word_1_360' title='bbox 1769 1569 1929 1614; x_wconf 89' lang='lat' dir='ltr'>delegata</span> <span class='ocrx_word' id='word_1_361' title='bbox 1944 1576 2029 1604; x_wconf 87' lang='lat' dir='ltr'>erat.</span> <span class='ocrx_word' id='word_1_362' title='bbox 2074 1570 2198 1608; x_wconf 74' lang='lat' dir='ltr'>Huius</span> <span class='ocrx_word' id='word_1_363' title='bbox 2212 1581 2218 1595; x_wconf 64' lang='lat'>³</span> 
     </span>
     <span class='ocr_line' id='line_1_58' title="bbox 350 1622 2217 1670; baseline 0.002 -16"><span class='ocrx_word' id='word_1_364' title='bbox 350 1623 498 1655; x_wconf 86' lang='lat' dir='ltr'>animum</span> <span class='ocrx_word' id='word_1_365' title='bbox 524 1623 603 1661; x_wconf 86' lang='lat' dir='ltr'>dux,</span> <span class='ocrx_word' id='word_1_366' title='bbox 628 1623 776 1665; x_wconf 85' lang='lat' dir='ltr'>quadam</span> <span class='ocrx_word' id='word_1_367' title='bbox 801 1622 1032 1654; x_wconf 90' lang='lat' dir='ltr'>collocutione</span> <span class='ocrx_word' id='word_1_368' title='bbox 1048 1622 1165 1654; x_wconf 88' lang='lat' dir='ltr'>habita</span> <span class='ocrx_word' id='word_1_369' title='bbox 1181 1622 1268 1655; x_wconf 87' lang='lat' dir='ltr'>inter</span> <span class='ocrx_word' id='word_1_370' title='bbox 1283 1633 1319 1655; x_wconf 90' lang='lat' dir='ltr'>se</span> <span class='ocrx_word' id='word_1_371' title='bbox 1336 1622 1471 1661; x_wconf 74' lang='lat' dir='ltr'>frivola,</span> <span class='ocrx_word' id='word_1_372' title='bbox 1489 1622 1736 1666; x_wconf 87' lang='lat' dir='ltr'>aliquantisper</span> <span class='ocrx_word' id='word_1_373' title='bbox 1750 1623 1970 1667; x_wconf 83' lang='lat' dir='ltr'>dignoscens,</span> <span class='ocrx_word' id='word_1_374' title='bbox 1986 1622 2217 1670; x_wconf 76' lang='lat' dir='ltr'>aliquando.</span> 
     </span>
     <span class='ocr_line' id='line_1_59' title="bbox 349 1671 2215 1720; baseline 0.001 -12"><span class='ocrx_word' id='word_1_375' title='bbox 349 1675 411 1708; x_wconf 91' lang='lat' dir='ltr'>sed</span> <span class='ocrx_word' id='word_1_376' title='bbox 432 1676 541 1708; x_wconf 89' lang='lat' dir='ltr'>rarius</span> <span class='ocrx_word' id='word_1_377' title='bbox 563 1686 628 1717; x_wconf 91' lang='lat' dir='ltr'>per</span> <span class='ocrx_word' id='word_1_378' title='bbox 650 1685 697 1714; x_wconf 90' lang='lat' dir='ltr'>se,</span> <span class='ocrx_word' id='word_1_379' title='bbox 721 1675 905 1718; x_wconf 84' lang='lat' dir='ltr'>aliquando</span> <span class='ocrx_word' id='word_1_380' title='bbox 928 1685 992 1717; x_wconf 90' lang='lat' dir='ltr'>per</span> <span class='ocrx_word' id='word_1_381' title='bbox 1013 1675 1109 1714; x_wconf 91' lang='lat' dir='ltr'>alios,</span> <span class='ocrx_word' id='word_1_382' title='bbox 1133 1686 1177 1707; x_wconf 89' lang='lat' dir='ltr'>ne</span> <span class='ocrx_word' id='word_1_383' title='bbox 1200 1675 1291 1708; x_wconf 79' lang='lat' dir='ltr'>forte</span> <span class='ocrx_word' id='word_1_384' title='bbox 1315 1675 1410 1708; x_wconf 84' lang='lat' dir='ltr'>fraus</span> <span class='ocrx_word' id='word_1_385' title='bbox 1426 1674 1469 1707; x_wconf 88' lang='lat' dir='ltr'>ab</span> <span class='ocrx_word' id='word_1_386' title='bbox 1485 1675 1561 1708; x_wconf 88' lang='lat' dir='ltr'>aliis</span> <span class='ocrx_word' id='word_1_387' title='bbox 1574 1676 1665 1709; x_wconf 90' lang='lat' dir='ltr'>inter</span> <span class='ocrx_word' id='word_1_388' title='bbox 1679 1676 1772 1719; x_wconf 90' lang='lat' dir='ltr'>ipsos</span> <span class='ocrx_word' id='word_1_389' title='bbox 1788 1676 1949 1718; x_wconf 90' lang='lat' dir='ltr'>componi</span> <span class='ocrx_word' id='word_1_390' title='bbox 1971 1671 2214 1720; x_wconf 60' lang='lat' dir='ltr'>depraeheoej</span> 
     </span>
     <span class='ocr_line' id='line_1_60' title="bbox 349 1727 2211 1773; baseline 0.002 -13"><span class='ocrx_word' id='word_1_391' title='bbox 349 1729 499 1767; x_wconf 88' lang='lat' dir='ltr'>deretur,</span> <span class='ocrx_word' id='word_1_392' title='bbox 512 1734 681 1761; x_wconf 91' lang='lat' dir='ltr'>attentans</span> <span class='ocrx_word' id='word_1_393' title='bbox 692 1728 836 1761; x_wconf 88' lang='lat' dir='ltr'>diversis</span> <span class='ocrx_word' id='word_1_394' title='bbox 851 1728 885 1760; x_wconf 91' lang='lat' dir='ltr'>in</span> <span class='ocrx_word' id='word_1_395' title='bbox 902 1728 1190 1761; x_wconf 87' lang='lat' dir='ltr'>conventionibus</span> <span class='ocrx_word' id='word_1_396' title='bbox 1206 1729 1250 1761; x_wconf 93' lang='lat' dir='ltr'>de</span> <span class='ocrx_word' id='word_1_397' title='bbox 1265 1729 1451 1761; x_wconf 85' lang='lat' dir='ltr'>traditione</span> <span class='ocrx_word' id='word_1_398' title='bbox 1466 1729 1559 1761; x_wconf 89' lang='lat' dir='ltr'>urbis</span> <span class='ocrx_word' id='word_1_399' title='bbox 1574 1739 1763 1771; x_wconf 90' lang='lat' dir='ltr'>procurare</span> <span class='ocrx_word' id='word_1_400' title='bbox 1778 1729 1926 1762; x_wconf 86' lang='lat' dir='ltr'>sollicite</span> <span class='ocrx_word' id='word_1_401' title='bbox 1941 1729 2066 1773; x_wconf 88' lang='lat' dir='ltr'>coepit.</span> <span class='ocrx_word' id='word_1_402' title='bbox 2102 1727 2211 1762; x_wconf 74' lang='lat' dir='ltr'>Ani-²</span> 
     </span>
     <span class='ocr_line' id='line_1_61' title="bbox 348 1778 2218 1826; baseline 0.001 -13"><span class='ocrx_word' id='word_1_403' title='bbox 348 1792 422 1813; x_wconf 90' lang='lat' dir='ltr'>mus</span> <span class='ocrx_word' id='word_1_404' title='bbox 444 1791 527 1814; x_wconf 91' lang='lat' dir='ltr'>vero</span> <span class='ocrx_word' id='word_1_405' title='bbox 550 1781 740 1824; x_wconf 90' lang='lat' dir='ltr'>cupiditate</span> <span class='ocrx_word' id='word_1_406' title='bbox 764 1791 878 1825; x_wconf 86' lang='lat' dir='ltr'>aeger,</span> <span class='ocrx_word' id='word_1_407' title='bbox 901 1787 939 1813; x_wconf 90' lang='lat' dir='ltr'>ut</span> <span class='ocrx_word' id='word_1_408' title='bbox 960 1792 982 1813; x_wconf 94' lang='lat' dir='ltr'>a</span> <span class='ocrx_word' id='word_1_409' title='bbox 1003 1781 1282 1824; x_wconf 87' lang='lat' dir='ltr'>promittentibus</span> <span class='ocrx_word' id='word_1_410' title='bbox 1304 1782 1467 1815; x_wconf 88' lang='lat' dir='ltr'>avaritiae</span> <span class='ocrx_word' id='word_1_411' title='bbox 1490 1782 1625 1814; x_wconf 83' lang='lat' dir='ltr'>luxuria</span> <span class='ocrx_word' id='word_1_412' title='bbox 1639 1783 1859 1821; x_wconf 90' lang='lat' dir='ltr'>admiscetur,</span> <span class='ocrx_word' id='word_1_413' title='bbox 1875 1783 1980 1816; x_wconf 83' lang='lat' dir='ltr'>facile</span> <span class='ocrx_word' id='word_1_414' title='bbox 1996 1789 2186 1826; x_wconf 83' lang='lat' dir='ltr'>corruptus,</span> <span class='ocrx_word' id='word_1_415' title='bbox 2202 1778 2218 1791; x_wconf 41' lang='lat'>&#39;⁷</span> 
     </span>
     <span class='ocr_line' id='line_1_62' title="bbox 350 1835 2206 1880; baseline 0.001 -14"><span class='ocrx_word' id='word_1_416' title='bbox 350 1846 371 1867; x_wconf 83' lang='lat' dir='ltr'>a</span> <span class='ocrx_word' id='word_1_417' title='bbox 392 1835 484 1867; x_wconf 91' lang='lat' dir='ltr'>bono</span> <span class='ocrx_word' id='word_1_418' title='bbox 506 1835 719 1877; x_wconf 89' lang='lat' dir='ltr'>honestoque</span> <span class='ocrx_word' id='word_1_419' title='bbox 742 1835 919 1877; x_wconf 88' lang='lat' dir='ltr'>proposito</span> <span class='ocrx_word' id='word_1_420' title='bbox 942 1835 1108 1877; x_wconf 87' lang='lat' dir='ltr'>proclivis</span> <span class='ocrx_word' id='word_1_421' title='bbox 1129 1836 1165 1867; x_wconf 91' lang='lat' dir='ltr'>in</span> <span class='ocrx_word' id='word_1_422' title='bbox 1190 1835 1342 1868; x_wconf 90' lang='lat' dir='ltr'>deterius</span> <span class='ocrx_word' id='word_1_423' title='bbox 1365 1836 1518 1878; x_wconf 88' lang='lat' dir='ltr'>dilapsus</span> <span class='ocrx_word' id='word_1_424' title='bbox 1542 1841 1603 1869; x_wconf 88' lang='lat' dir='ltr'>est.</span> <span class='ocrx_word' id='word_1_425' title='bbox 1650 1835 1729 1868; x_wconf 87' lang='lat' dir='ltr'>Dux</span> <span class='ocrx_word' id='word_1_426' title='bbox 1753 1836 1913 1879; x_wconf 87' lang='lat' dir='ltr'>denique,</span> <span class='ocrx_word' id='word_1_427' title='bbox 1936 1842 2076 1879; x_wconf 90' lang='lat' dir='ltr'>neptem</span> <span class='ocrx_word' id='word_1_428' title='bbox 2105 1845 2198 1880; x_wconf 83' lang='lat' dir='ltr'>spe-</span> <span class='ocrx_word' id='word_1_429' title='bbox 2200 1835 2206 1842; x_wconf 72' lang='grc'>’“</span> 
     </span>
     <span class='ocr_line' id='line_1_63' title="bbox 348 1887 2188 1932; baseline 0.002 -12"><span class='ocrx_word' id='word_1_430' title='bbox 348 1888 463 1920; x_wconf 86' lang='lat' dir='ltr'>ciosae</span> <span class='ocrx_word' id='word_1_431' title='bbox 486 1888 618 1920; x_wconf 77' lang='lat' dir='ltr'>formae</span> <span class='ocrx_word' id='word_1_432' title='bbox 641 1887 783 1927; x_wconf 88' lang='lat' dir='ltr'>habens,</span> <span class='ocrx_word' id='word_1_433' title='bbox 806 1887 909 1920; x_wconf 90' lang='lat' dir='ltr'>filiam</span> <span class='ocrx_word' id='word_1_434' title='bbox 933 1888 1099 1921; x_wconf 89' lang='lat' dir='ltr'>videlicet</span> <span class='ocrx_word' id='word_1_435' title='bbox 1122 1889 1238 1921; x_wconf 76' lang='lat' dir='ltr'>fratris</span> <span class='ocrx_word' id='word_1_436' title='bbox 1261 1889 1312 1921; x_wconf 91' lang='lat' dir='ltr'>sui</span> <span class='ocrx_word' id='word_1_437' title='bbox 1337 1888 1522 1928; x_wconf 88' lang='lat' dir='ltr'>Guilielmi,</span> <span class='ocrx_word' id='word_1_438' title='bbox 1545 1889 1768 1932; x_wconf 86' lang='lat' dir='ltr'>Principatus</span> <span class='ocrx_word' id='word_1_439' title='bbox 1791 1889 1937 1929; x_wconf 88' lang='lat' dir='ltr'>comitis,</span> <span class='ocrx_word' id='word_1_440' title='bbox 1959 1895 1998 1922; x_wconf 91' lang='lat' dir='ltr'>ut</span> <span class='ocrx_word' id='word_1_441' title='bbox 2013 1889 2048 1923; x_wconf 87' lang='lat' dir='ltr'>ei</span> <span class='ocrx_word' id='word_1_442' title='bbox 2061 1889 2098 1922; x_wconf 86' lang='lat' dir='ltr'>in</span> <span class='ocrx_word' id='word_1_443' title='bbox 2113 1898 2206 1923; x_wconf 75' lang='lat' dir='ltr'>ma·-</span> 
     </span>
     <span class='ocr_line' id='line_1_64' title="bbox 348 1940 2202 1985; baseline 0.001 -13"><span class='ocrx_word' id='word_1_444' title='bbox 348 1940 544 1973; x_wconf 89' lang='lat' dir='ltr'>trimonium</span> <span class='ocrx_word' id='word_1_445' title='bbox 567 1950 644 1972; x_wconf 92' lang='lat' dir='ltr'>cum</span> <span class='ocrx_word' id='word_1_446' title='bbox 668 1940 882 1973; x_wconf 87' lang='lat' dir='ltr'>haereditate</span> <span class='ocrx_word' id='word_1_447' title='bbox 905 1940 1043 1982; x_wconf 89' lang='lat' dir='ltr'>puellae</span> <span class='ocrx_word' id='word_1_448' title='bbox 1066 1942 1278 1984; x_wconf 88' lang='lat' dir='ltr'>competenti</span> <span class='ocrx_word' id='word_1_449' title='bbox 1300 1941 1538 1974; x_wconf 87' lang='lat' dir='ltr'>associandam</span> <span class='ocrx_word' id='word_1_450' title='bbox 1555 1952 1592 1974; x_wconf 92' lang='lat' dir='ltr'>se</span> <span class='ocrx_word' id='word_1_451' title='bbox 1610 1943 1693 1974; x_wconf 88' lang='lat' dir='ltr'>dare</span> <span class='ocrx_word' id='word_1_452' title='bbox 1709 1942 1910 1984; x_wconf 85' lang='lat' dir='ltr'>spopondit,</span> <span class='ocrx_word' id='word_1_453' title='bbox 1926 1953 1991 1985; x_wconf 88' lang='lat' dir='ltr'>pro</span> <span class='ocrx_word' id='word_1_454' title='bbox 2005 1941 2107 1976; x_wconf 86' lang='lat' dir='ltr'>libitu</span> <span class='ocrx_word' id='word_1_455' title='bbox 2120 1943 2205 1978; x_wconf 75' lang='grc' dir='ltr'>811οᾸ</span> 
     </span>
     <span class='ocr_line' id='line_1_65' title="bbox 348 1993 2207 2038; baseline 0.002 -13"><span class='ocrx_word' id='word_1_456' title='bbox 348 1994 468 2026; x_wconf 80' lang='lat' dir='ltr'>favore</span> <span class='ocrx_word' id='word_1_457' title='bbox 492 2004 582 2032; x_wconf 89' lang='lat' dir='ltr'>usus,</span> <span class='ocrx_word' id='word_1_458' title='bbox 605 1993 829 2026; x_wconf 87' lang='lat' dir='ltr'>sacramentis</span> <span class='ocrx_word' id='word_1_459' title='bbox 853 1993 896 2026; x_wconf 87' lang='lat' dir='ltr'>ab</span> <span class='ocrx_word' id='word_1_460' title='bbox 918 1994 1070 2037; x_wconf 88' lang='lat' dir='ltr'>utrisque</span> <span class='ocrx_word' id='word_1_461' title='bbox 1093 1995 1247 2037; x_wconf 90' lang='lat' dir='ltr'>partibus</span> <span class='ocrx_word' id='word_1_462' title='bbox 1270 1995 1369 2032; x_wconf 90' lang='lat' dir='ltr'>datis,</span> <span class='ocrx_word' id='word_1_463' title='bbox 1391 1995 1453 2027; x_wconf 89' lang='lat' dir='ltr'>illo</span> <span class='ocrx_word' id='word_1_464' title='bbox 1475 2001 1514 2027; x_wconf 89' lang='lat' dir='ltr'>ut</span> <span class='ocrx_word' id='word_1_465' title='bbox 1535 1995 1656 2028; x_wconf 90' lang='lat' dir='ltr'>urbem</span> <span class='ocrx_word' id='word_1_466' title='bbox 1672 1995 1797 2035; x_wconf 85' lang='lat' dir='ltr'>tradat,</span> <span class='ocrx_word' id='word_1_467' title='bbox 1811 1995 1878 2028; x_wconf 83' lang='lat' dir='ltr'>isto</span> <span class='ocrx_word' id='word_1_468' title='bbox 1892 2001 1930 2027; x_wconf 91' lang='lat' dir='ltr'>ut</span> <span class='ocrx_word' id='word_1_469' title='bbox 1945 2000 2084 2038; x_wconf 89' lang='lat' dir='ltr'>neptem</span> <span class='ocrx_word' id='word_1_470' title='bbox 2100 1997 2207 2028; x_wconf 63' lang='lat' dir='ltr'>con-²</span> 
     </span>
    </p>
   </div>
   <div class='ocr_carea' id='block_1_8' title="bbox 347 2099 2211 2414">
    <p class='ocr_par' dir='ltr' id='par_1_9' title="bbox 347 2097 2211 2414">
     <span class='ocr_line' id='line_1_66' title="bbox 435 2099 2211 2145; baseline 0.002 -13"><span class='ocrx_word' id='word_1_471' title='bbox 435 2100 512 2132; x_wconf 86' lang='lat' dir='ltr'>Dux</span> <span class='ocrx_word' id='word_1_472' title='bbox 537 2099 583 2131; x_wconf 90' lang='lat' dir='ltr'>de</span> <span class='ocrx_word' id='word_1_473' title='bbox 606 2099 839 2133; x_wconf 87' lang='lat' dir='ltr'>nanciscenda</span> <span class='ocrx_word' id='word_1_474' title='bbox 861 2099 946 2132; x_wconf 87' lang='lat' dir='ltr'>urbe</span> <span class='ocrx_word' id='word_1_475' title='bbox 970 2106 1096 2140; x_wconf 90' lang='lat' dir='ltr'>certus,</span> <span class='ocrx_word' id='word_1_476' title='bbox 1119 2100 1230 2133; x_wconf 88' lang='lat' dir='ltr'>scalas</span> <span class='ocrx_word' id='word_1_477' title='bbox 1252 2101 1300 2134; x_wconf 91' lang='lat' dir='ltr'>ad</span> <span class='ocrx_word' id='word_1_478' title='bbox 1321 2101 1622 2134; x_wconf 86' lang='lat' dir='ltr'>transcendendos</span> <span class='ocrx_word' id='word_1_479' title='bbox 1647 2111 1762 2134; x_wconf 88' lang='lat' dir='ltr'>muros</span> <span class='ocrx_word' id='word_1_480' title='bbox 1792 2111 1834 2134; x_wconf 91' lang='lat' dir='ltr'>ex</span> <span class='ocrx_word' id='word_1_481' title='bbox 1864 2101 1960 2145; x_wconf 92' lang='lat' dir='ltr'>ligno</span> <span class='ocrx_word' id='word_1_482' title='bbox 1991 2100 2211 2144; x_wconf 50' lang='lat' dir='ltr'>componit„</span> 
     </span>
     <span class='ocr_line' id='line_1_67' title="bbox 348 2152 2194 2197; baseline 0.002 -12"><span class='ocrx_word' id='word_1_483' title='bbox 348 2153 548 2186; x_wconf 89' lang='lat' dir='ltr'>venetianus</span> <span class='ocrx_word' id='word_1_484' title='bbox 571 2158 684 2186; x_wconf 89' lang='lat' dir='ltr'>autem</span> <span class='ocrx_word' id='word_1_485' title='bbox 708 2153 742 2184; x_wconf 92' lang='lat' dir='ltr'>in</span> <span class='ocrx_word' id='word_1_486' title='bbox 767 2152 974 2196; x_wconf 86' lang='lat' dir='ltr'>adjutorium</span> <span class='ocrx_word' id='word_1_487' title='bbox 997 2152 1096 2186; x_wconf 90' lang='lat' dir='ltr'>ducis</span> <span class='ocrx_word' id='word_1_488' title='bbox 1120 2165 1162 2186; x_wconf 86' lang='lat' dir='ltr'>ex</span> <span class='ocrx_word' id='word_1_489' title='bbox 1185 2153 1326 2186; x_wconf 76' lang='lat' dir='ltr'>funibus</span> <span class='ocrx_word' id='word_1_490' title='bbox 1348 2154 1542 2197; x_wconf 87' lang='lat' dir='ltr'>perplexas,</span> <span class='ocrx_word' id='word_1_491' title='bbox 1558 2154 1820 2187; x_wconf 88' lang='lat' dir='ltr'>advenientibus</span> <span class='ocrx_word' id='word_1_492' title='bbox 1836 2154 2002 2194; x_wconf 86' lang='lat' dir='ltr'>hostibus,</span> <span class='ocrx_word' id='word_1_493' title='bbox 2019 2155 2064 2188; x_wconf 88' lang='lat' dir='ltr'>de</span> <span class='ocrx_word' id='word_1_494' title='bbox 2086 2158 2194 2191; x_wconf 69' lang='lat' dir='ltr'>muro³</span> 
     </span>
     <span class='ocr_line' id='line_1_68' title="bbox 350 2206 2207 2251; baseline 0.002 -13"><span class='ocrx_word' id='word_1_495' title='bbox 350 2206 589 2249; x_wconf 88' lang='lat' dir='ltr'>dependentes</span> <span class='ocrx_word' id='word_1_496' title='bbox 610 2206 767 2250; x_wconf 87' lang='lat' dir='ltr'>porrigit.</span> <span class='ocrx_word' id='word_1_497' title='bbox 813 2206 858 2239; x_wconf 92' lang='lat' dir='ltr'>Et</span> <span class='ocrx_word' id='word_1_498' title='bbox 881 2207 963 2250; x_wconf 91' lang='lat' dir='ltr'>quia</span> <span class='ocrx_word' id='word_1_499' title='bbox 984 2207 1087 2239; x_wconf 88' lang='lat' dir='ltr'>sicuti</span> <span class='ocrx_word' id='word_1_500' title='bbox 1110 2207 1276 2250; x_wconf 91' lang='lat' dir='ltr'>scripturn</span> <span class='ocrx_word' id='word_1_501' title='bbox 1299 2213 1367 2240; x_wconf 87' lang='lat' dir='ltr'>est:</span> <span class='ocrx_word' id='word_1_502' title='bbox 1392 2207 1519 2240; x_wconf 85' lang='lat' dir='ltr'>Nullus</span> <span class='ocrx_word' id='word_1_503' title='bbox 1540 2207 1768 2251; x_wconf 78' lang='lat' dir='ltr'>perniciosior</span> <span class='ocrx_word' id='word_1_504' title='bbox 1789 2208 1893 2240; x_wconf 80' lang='lat' dir='ltr'>hostis</span> <span class='ocrx_word' id='word_1_505' title='bbox 1923 2212 1975 2240; x_wconf 79' lang='lat' dir='ltr'>est</span> <span class='ocrx_word' id='word_1_506' title='bbox 1999 2208 2048 2240; x_wconf 83' lang='lat' dir='ltr'>ad</span> <span class='ocrx_word' id='word_1_507' title='bbox 2066 2217 2184 2242; x_wconf 65' lang='lat' dir='ltr'>nocen-</span> <span class='ocrx_word' id='word_1_508' title='bbox 2197 2206 2207 2221; x_wconf 68' lang='lat'><em>³</em></span> 
     </span>
     <span class='ocr_line' id='line_1_69' title="bbox 348 2254 2207 2307; baseline 0.003 -16"><span class='ocrx_word' id='word_1_509' title='bbox 348 2260 437 2297; x_wconf 87' lang='lat' dir='ltr'>dum,</span> <span class='ocrx_word' id='word_1_510' title='bbox 461 2270 559 2302; x_wconf 87' lang='lat' dir='ltr'>quam</span> <span class='ocrx_word' id='word_1_511' title='bbox 573 2257 768 2301; x_wconf 53' lang='lat' dir='ltr'>familiam&amp;</span> <span class='ocrx_word' id='word_1_512' title='bbox 790 2260 956 2299; x_wconf 72' lang='lat' dir='ltr'>ini&#39;mtcus,</span> <span class='ocrx_word' id='word_1_513' title='bbox 979 2260 1022 2292; x_wconf 91' lang='lat' dir='ltr'>ab</span> <span class='ocrx_word' id='word_1_514' title='bbox 1046 2260 1133 2302; x_wconf 88' lang='lat' dir='ltr'>ipso,</span> <span class='ocrx_word' id='word_1_515' title='bbox 1156 2260 1217 2303; x_wconf 89' lang='lat' dir='ltr'>qui</span> <span class='ocrx_word' id='word_1_516' title='bbox 1239 2260 1273 2292; x_wconf 93' lang='lat' dir='ltr'>vi</span> <span class='ocrx_word' id='word_1_517' title='bbox 1297 2260 1388 2292; x_wconf 88' lang='lat' dir='ltr'>tueri</span> <span class='ocrx_word' id='word_1_518' title='bbox 1411 2259 1590 2302; x_wconf 89' lang='lat' dir='ltr'>debuerat,</span> <span class='ocrx_word' id='word_1_519' title='bbox 1613 2259 1723 2293; x_wconf 87' lang='lat' dir='ltr'>libera</span> <span class='ocrx_word' id='word_1_520' title='bbox 1753 2260 1921 2294; x_wconf 82' lang='lat' dir='ltr'>facultate</span> <span class='ocrx_word' id='word_1_521' title='bbox 1950 2260 2072 2294; x_wconf 90' lang='lat' dir='ltr'>urbem</span> <span class='ocrx_word' id='word_1_522' title='bbox 2101 2254 2207 2307; x_wconf 55' lang='lat' dir='ltr'>pross-</span> 
     </span>
     <span class='ocr_line' id='line_1_70' title="bbox 347 2311 2190 2359; baseline 0.002 -15"><span class='ocrx_word' id='word_1_523' title='bbox 347 2312 528 2354; x_wconf 87' lang='lat' dir='ltr'>rumpendi</span> <span class='ocrx_word' id='word_1_524' title='bbox 551 2311 706 2345; x_wconf 89' lang='lat' dir='ltr'>hostibus</span> <span class='ocrx_word' id='word_1_525' title='bbox 729 2312 903 2351; x_wconf 81' lang='lat' dir='ltr'>concessa,</span> <span class='ocrx_word' id='word_1_526' title='bbox 925 2313 988 2346; x_wconf 91' lang='lat' dir='ltr'>sub</span> <span class='ocrx_word' id='word_1_527' title='bbox 1012 2313 1151 2346; x_wconf 89' lang='lat' dir='ltr'>nomine</span> <span class='ocrx_word' id='word_1_528' title='bbox 1167 2313 1363 2352; x_wconf 88' lang='lat' dir='ltr'>Guiscardi,</span> <span class='ocrx_word' id='word_1_529' title='bbox 1378 2313 1518 2346; x_wconf 89' lang='lat' dir='ltr'>sinistro</span> <span class='ocrx_word' id='word_1_530' title='bbox 1534 2314 1687 2346; x_wconf 87' lang='lat' dir='ltr'>clamore</span> <span class='ocrx_word' id='word_1_531' title='bbox 1703 2314 1841 2356; x_wconf 89' lang='lat' dir='ltr'>saepius</span> <span class='ocrx_word' id='word_1_532' title='bbox 1857 2314 2084 2359; x_wconf 87' lang='lat' dir='ltr'>ingeminato,</span> <span class='ocrx_word' id='word_1_533' title='bbox 2099 2313 2123 2347; x_wconf 94' lang='lat' dir='ltr'>b</span> <span class='ocrx_word' id='word_1_534' title='bbox 2171 2315 2190 2358; x_wconf 30' lang='lat' dir='ltr'>J·</span> 
     </span>
     <span class='ocr_line' id='line_1_71' title="bbox 348 2363 2209 2414; baseline 0.002 -17"><span class='ocrx_word' id='word_1_535' title='bbox 348 2365 435 2398; x_wconf 90' lang='lat' dir='ltr'>cinis</span> <span class='ocrx_word' id='word_1_536' title='bbox 459 2365 755 2408; x_wconf 89' lang='lat' dir='ltr'>concrepantibus,</span> <span class='ocrx_word' id='word_1_537' title='bbox 777 2367 860 2399; x_wconf 90' lang='lat' dir='ltr'>urbs</span> <span class='ocrx_word' id='word_1_538' title='bbox 893 2372 966 2399; x_wconf 89' lang='lat' dir='ltr'>tota</span> <span class='ocrx_word' id='word_1_539' title='bbox 998 2366 1166 2399; x_wconf 85' lang='lat' dir='ltr'>turbatur.</span> <span class='ocrx_word' id='word_1_540' title='bbox 1213 2365 1318 2399; x_wconf 90' lang='lat' dir='ltr'>Cives</span> <span class='ocrx_word' id='word_1_541' title='bbox 1341 2366 1376 2398; x_wconf 91' lang='lat' dir='ltr'>in</span> <span class='ocrx_word' id='word_1_542' title='bbox 1402 2377 1498 2398; x_wconf 89' lang='lat' dir='ltr'>arma</span> <span class='ocrx_word' id='word_1_543' title='bbox 1527 2372 1674 2405; x_wconf 90' lang='lat' dir='ltr'>ruentes,</span> <span class='ocrx_word' id='word_1_544' title='bbox 1700 2367 1812 2411; x_wconf 86' lang='lat' dir='ltr'>ignari</span> <span class='ocrx_word' id='word_1_545' title='bbox 1834 2368 1930 2410; x_wconf 89' lang='lat' dir='ltr'>quod</span> <span class='ocrx_word' id='word_1_546' title='bbox 1952 2368 2068 2400; x_wconf 87' lang='lat' dir='ltr'>hostes</span> <span class='ocrx_word' id='word_1_547' title='bbox 2089 2363 2209 2415; x_wconf 44' lang='lat' dir='ltr'>&#39;J&#39;ain&#39;ss¹</span> 
     </span>
    </p>
   </div>
   <div class='ocr_carea' id='block_1_9' title="bbox 346 2462 2205 2756">
    <p class='ocr_par' dir='ltr' id='par_1_10' title="bbox 346 2462 2205 2756">
     <span class='ocr_line' id='line_1_72' title="bbox 439 2462 2203 2504; baseline 0.002 -11"><span class='ocrx_word' id='word_1_548' title='bbox 439 2476 461 2493; x_wconf 85' lang='lat'>1</span> <span class='ocrx_word' id='word_1_549' title='bbox 481 2470 661 2501; x_wconf 85' lang='lat' dir='ltr'>conspicatur</span> <span class='ocrx_word' id='word_1_550' title='bbox 679 2470 740 2494; x_wconf 87' lang='lat' dir='ltr'>PC</span> <span class='ocrx_word' id='word_1_551' title='bbox 757 2482 789 2487; x_wconf 91' lang='lat'><em>-</em></span> <span class='ocrx_word' id='word_1_552' title='bbox 810 2469 998 2502; x_wconf 74' lang='lat' dir='ltr'>2.Var1ngos</span> <span class='ocrx_word' id='word_1_553' title='bbox 1016 2470 1082 2494; x_wconf 91' lang='lat' dir='ltr'>BD</span> <span class='ocrx_word' id='word_1_554' title='bbox 1098 2483 1134 2488; x_wconf 94' lang='lat'><strong>—</strong></span> <span class='ocrx_word' id='word_1_555' title='bbox 1147 2476 1170 2503; x_wconf 92' lang='lat'>7.</span> <span class='ocrx_word' id='word_1_556' title='bbox 1184 2469 1305 2502; x_wconf 83' lang='lat' dir='ltr'>asylum]</span> <span class='ocrx_word' id='word_1_557' title='bbox 1320 2469 1461 2494; x_wconf 86' lang='lat' dir='ltr'>auxilium</span> <span class='ocrx_word' id='word_1_558' title='bbox 1474 2470 1576 2495; x_wconf 84' lang='lat' dir='ltr'>PBD</span> <span class='ocrx_word' id='word_1_559' title='bbox 1587 2484 1620 2488; x_wconf 97' lang='lat'><strong>—</strong></span> <span class='ocrx_word' id='word_1_560' title='bbox 1634 2470 1658 2495; x_wconf 89' lang='grc'>8.</span> <span class='ocrx_word' id='word_1_561' title='bbox 1672 2470 1871 2496; x_wconf 77' lang='lat' dir='ltr'>subintrabant</span> <span class='ocrx_word' id='word_1_562' title='bbox 1883 2471 1950 2495; x_wconf 89' lang='grc' dir='ltr'>Ρ-</span> <span class='ocrx_word' id='word_1_563' title='bbox 1965 2469 2021 2503; x_wconf 86' lang='grc'>8-9.</span> <span class='ocrx_word' id='word_1_564' title='bbox 2033 2471 2096 2504; x_wconf 78' lang='lat' dir='ltr'>ipsa</span> <span class='ocrx_word' id='word_1_565' title='bbox 2107 2462 2203 2502; x_wconf 31' lang='lat' dir='ltr'>teth-⁴1¹9!</span> 
     </span>
     <span class='ocr_line' id='line_1_73' title="bbox 350 2508 2204 2547; baseline 0.002 -11"><span class='ocrx_word' id='word_1_566' title='bbox 350 2511 488 2536; x_wconf 84' lang='lat' dir='ltr'>dissoluta</span> <span class='ocrx_word' id='word_1_567' title='bbox 506 2511 724 2543; x_wconf 73' lang='lat' dir='ltr'>consum-antur]</span> <span class='ocrx_word' id='word_1_568' title='bbox 744 2512 809 2545; x_wconf 86' lang='lat' dir='ltr'>ipso</span> <span class='ocrx_word' id='word_1_569' title='bbox 828 2513 904 2536; x_wconf 83' lang='lat' dir='ltr'>certo</span> <span class='ocrx_word' id='word_1_570' title='bbox 924 2512 1065 2537; x_wconf 81' lang='lat' dir='ltr'>dissoluto</span> <span class='ocrx_word' id='word_1_571' title='bbox 1091 2520 1154 2537; x_wconf 90' lang='lat' dir='ltr'>cum</span> <span class='ocrx_word' id='word_1_572' title='bbox 1179 2513 1360 2538; x_wconf 89' lang='lat' dir='ltr'>subiciuntur</span> <span class='ocrx_word' id='word_1_573' title='bbox 1379 2514 1445 2538; x_wconf 88' lang='lat' dir='ltr'>BD</span> <span class='ocrx_word' id='word_1_574' title='bbox 1463 2527 1495 2531; x_wconf 87' lang='lat'><strong>—</strong></span> <span class='ocrx_word' id='word_1_575' title='bbox 1515 2519 1540 2544; x_wconf 88' lang='grc'>9</span> <span class='ocrx_word' id='word_1_576' title='bbox 1564 2512 1670 2545; x_wconf 84' lang='lat' dir='ltr'>collisi]</span> <span class='ocrx_word' id='word_1_577' title='bbox 1689 2514 1817 2538; x_wconf 88' lang='lat' dir='ltr'>conclusi</span> <span class='ocrx_word' id='word_1_578' title='bbox 1838 2514 1893 2538; x_wconf 85' lang='lat' dir='ltr'>P·</span> <span class='ocrx_word' id='word_1_579' title='bbox 1911 2513 2019 2545; x_wconf 78' lang='lat' dir='ltr'>pariter</span> <span class='ocrx_word' id='word_1_580' title='bbox 2042 2522 2091 2539; x_wconf 71' lang='lat' dir='ltr'>on.</span> <span class='ocrx_word' id='word_1_581' title='bbox 2116 2514 2145 2540; x_wconf 84' lang='lat' dir='ltr'><em>B</em></span> <span class='ocrx_word' id='word_1_582' title='bbox 2152 2508 2204 2547; x_wconf 57' lang='lat'>⁴¹³5</span> 
     </span>
     <span class='ocr_line' id='line_1_74' title="bbox 349 2550 2205 2588; baseline 0.002 -11"><span class='ocrx_word' id='word_1_583' title='bbox 349 2566 382 2571; x_wconf 93' lang='grc'>-</span> <span class='ocrx_word' id='word_1_584' title='bbox 404 2560 442 2578; x_wconf 88' lang='grc' dir='ltr'>ιι.</span> <span class='ocrx_word' id='word_1_585' title='bbox 461 2554 594 2578; x_wconf 81' lang='lat' dir='ltr'>acerrime</span> <span class='ocrx_word' id='word_1_586' title='bbox 617 2561 666 2578; x_wconf 86' lang='lat' dir='ltr'>om.</span> <span class='ocrx_word' id='word_1_587' title='bbox 684 2554 712 2579; x_wconf 92' lang='grc' dir='ltr'><em>Ρ</em></span> <span class='ocrx_word' id='word_1_588' title='bbox 729 2566 761 2571; x_wconf 91' lang='grc'>-</span> <span class='ocrx_word' id='word_1_589' title='bbox 783 2560 822 2585; x_wconf 85' lang='lat'>13</span> <span class='ocrx_word' id='word_1_590' title='bbox 842 2553 925 2586; x_wconf 77' lang='lat' dir='ltr'>fugae</span> <span class='ocrx_word' id='word_1_591' title='bbox 943 2553 1001 2578; x_wconf 81' lang='lat' dir='ltr'>PC</span> <span class='ocrx_word' id='word_1_592' title='bbox 1015 2567 1049 2572; x_wconf 91' lang='lat'>—</span> <span class='ocrx_word' id='word_1_593' title='bbox 1071 2560 1110 2586; x_wconf 83' lang='lat'>15-</span> <span class='ocrx_word' id='word_1_594' title='bbox 1135 2554 1197 2587; x_wconf 90' lang='lat' dir='ltr'>qui]</span> <span class='ocrx_word' id='word_1_595' title='bbox 1222 2562 1333 2587; x_wconf 88' lang='lat' dir='ltr'>quoque</span> <span class='ocrx_word' id='word_1_596' title='bbox 1357 2556 1442 2587; x_wconf 88' lang='lat' dir='ltr'>prout</span> <span class='ocrx_word' id='word_1_597' title='bbox 1464 2555 1575 2580; x_wconf 90' lang='lat' dir='ltr'>BD—</span> <span class='ocrx_word' id='word_1_598' title='bbox 1597 2562 1637 2588; x_wconf 85' lang='lat'>15.</span> <span class='ocrx_word' id='word_1_599' title='bbox 1660 2555 1775 2588; x_wconf 82' lang='lat' dir='ltr'>spoliis]</span> <span class='ocrx_word' id='word_1_600' title='bbox 1801 2555 2044 2588; x_wconf 77' lang='lat' dir='ltr'>suppellectilibus</span> <span class='ocrx_word' id='word_1_601' title='bbox 2065 2557 2130 2582; x_wconf 87' lang='lat' dir='ltr'>BD</span> <span class='ocrx_word' id='word_1_602' title='bbox 2160 2550 2205 2580; x_wconf 56' lang='lat'>³²?</span> 
     </span>
     <span class='ocr_line' id='line_1_75' title="bbox 350 2595 2141 2630; baseline 0.002 -11"><span class='ocrx_word' id='word_1_603' title='bbox 350 2600 388 2626; x_wconf 91' lang='lat'>17.</span> <span class='ocrx_word' id='word_1_604' title='bbox 408 2595 534 2620; x_wconf 82' lang='lat' dir='ltr'>octobris</span> <span class='ocrx_word' id='word_1_605' title='bbox 553 2596 583 2620; x_wconf 91' lang='lat' dir='ltr'><em>D</em></span> <span class='ocrx_word' id='word_1_606' title='bbox 600 2608 610 2613; x_wconf 92' lang='lat'><em>—</em></span> <span class='ocrx_word' id='word_1_607' title='bbox 628 2602 768 2628; x_wconf 86' lang='lat' dir='ltr'>regressus</span> <span class='ocrx_word' id='word_1_608' title='bbox 785 2595 812 2619; x_wconf 89' lang='lat' dir='ltr'><em>B</em></span> <span class='ocrx_word' id='word_1_609' title='bbox 829 2609 861 2614; x_wconf 76' lang='lat'>—</span> <span class='ocrx_word' id='word_1_610' title='bbox 883 2595 923 2620; x_wconf 87' lang='lat'>18.</span> <span class='ocrx_word' id='word_1_611' title='bbox 941 2595 1136 2630; x_wconf 80' lang='lat' dir='ltr'>hiemandum]</span> <span class='ocrx_word' id='word_1_612' title='bbox 1155 2597 1352 2622; x_wconf 81' lang='lat' dir='ltr'>aestivandum</span> <span class='ocrx_word' id='word_1_613' title='bbox 1371 2598 1399 2622; x_wconf 85' lang='lat' dir='ltr'><em>P</em></span> <span class='ocrx_word' id='word_1_614' title='bbox 1415 2609 1427 2615; x_wconf 96' lang='lat'>-</span> <span class='ocrx_word' id='word_1_615' title='bbox 1440 2599 1555 2622; x_wconf 88' lang='lat' dir='ltr'>nomine</span> <span class='ocrx_word' id='word_1_616' title='bbox 1574 2597 1600 2621; x_wconf 89' lang='lat' dir='ltr'><em>B</em></span> <span class='ocrx_word' id='word_1_617' title='bbox 1618 2611 1650 2615; x_wconf 92' lang='lat'>—</span> <span class='ocrx_word' id='word_1_618' title='bbox 1672 2603 1713 2623; x_wconf 83' lang='lat'>20.</span> <span class='ocrx_word' id='word_1_619' title='bbox 1732 2598 1886 2623; x_wconf 85' lang='lat' dir='ltr'>lacessebat</span> <span class='ocrx_word' id='word_1_620' title='bbox 1903 2598 1932 2622; x_wconf 86' lang='lat' dir='ltr'><em>P</em></span> <span class='ocrx_word' id='word_1_621' title='bbox 1948 2611 1981 2616; x_wconf 95' lang='lat'><strong>—</strong></span> <span class='ocrx_word' id='word_1_622' title='bbox 2001 2604 2042 2623; x_wconf 77' lang='lat'>2².</span> <span class='ocrx_word' id='word_1_623' title='bbox 2055 2604 2141 2624; x_wconf 76' lang='lat' dir='ltr'>rocon</span> 
     </span>
     <span class='ocr_line' id='line_1_76' title="bbox 348 2636 2069 2672; baseline 0.002 -11"><span class='ocrx_word' id='word_1_624' title='bbox 348 2637 455 2662; x_wconf 76' lang='lat' dir='ltr'>llantur</span> <span class='ocrx_word' id='word_1_625' title='bbox 475 2638 539 2661; x_wconf 88' lang='lat' dir='ltr'>BD</span> <span class='ocrx_word' id='word_1_626' title='bbox 558 2650 589 2655; x_wconf 96' lang='lat'>—</span> <span class='ocrx_word' id='word_1_627' title='bbox 610 2644 652 2669; x_wconf 85' lang='lat'>²3·</span> <span class='ocrx_word' id='word_1_628' title='bbox 670 2637 795 2662; x_wconf 85' lang='lat' dir='ltr'>Venetus</span> <span class='ocrx_word' id='word_1_629' title='bbox 813 2637 890 2667; x_wconf 79' lang='lat' dir='ltr'>BD;</span> <span class='ocrx_word' id='word_1_630' title='bbox 903 2636 1054 2662; x_wconf 77' lang='lat' dir='ltr'>veneticus</span> <span class='ocrx_word' id='word_1_631' title='bbox 1077 2639 1100 2663; x_wconf 90' lang='lat' dir='ltr'>C</span> <span class='ocrx_word' id='word_1_632' title='bbox 1116 2651 1149 2656; x_wconf 90' lang='lat'>-—</span> <span class='ocrx_word' id='word_1_633' title='bbox 1169 2645 1211 2671; x_wconf 81' lang='lat'>25·</span> <span class='ocrx_word' id='word_1_634' title='bbox 1236 2640 1402 2672; x_wconf 87' lang='lat' dir='ltr'>quantisper</span> <span class='ocrx_word' id='word_1_635' title='bbox 1420 2640 1448 2664; x_wconf 87' lang='lat' dir='ltr'><em>P</em></span> <span class='ocrx_word' id='word_1_636' title='bbox 1464 2653 1495 2658; x_wconf 89' lang='lat'>—</span> <span class='ocrx_word' id='word_1_637' title='bbox 1516 2645 1558 2671; x_wconf 86' lang='lat'>27.</span> <span class='ocrx_word' id='word_1_638' title='bbox 1584 2647 1734 2671; x_wconf 84' lang='lat' dir='ltr'>procurare</span> <span class='ocrx_word' id='word_1_639' title='bbox 1753 2638 1891 2672; x_wconf 85' lang='lat' dir='ltr'>sollicite]</span> <span class='ocrx_word' id='word_1_640' title='bbox 1910 2639 2069 2666; x_wconf 66' lang='lat' dir='ltr'>solllclbare</span> 
     </span>
     <span class='ocr_line' id='line_1_77' title="bbox 346 2678 2096 2714; baseline 0.002 -11"><span class='ocrx_word' id='word_1_641' title='bbox 346 2679 404 2704; x_wconf 83' lang='lat' dir='ltr'>PC</span> <span class='ocrx_word' id='word_1_642' title='bbox 420 2691 454 2697; x_wconf 86' lang='lat'>-·</span> <span class='ocrx_word' id='word_1_643' title='bbox 472 2678 513 2703; x_wconf 84' lang='lat'>28.</span> <span class='ocrx_word' id='word_1_644' title='bbox 533 2679 667 2711; x_wconf 84' lang='lat' dir='ltr'>cupidine</span> <span class='ocrx_word' id='word_1_645' title='bbox 685 2680 713 2704; x_wconf 85' lang='lat' dir='ltr'><em>P</em></span> <span class='ocrx_word' id='word_1_646' title='bbox 728 2692 763 2697; x_wconf 69' lang='lat'>-·</span> <span class='ocrx_word' id='word_1_647' title='bbox 781 2686 823 2711; x_wconf 87' lang='lat'>3¹·</span> <span class='ocrx_word' id='word_1_648' title='bbox 843 2679 1007 2704; x_wconf 81' lang='lat' dir='ltr'>sociandam</span> <span class='ocrx_word' id='word_1_649' title='bbox 1025 2680 1052 2703; x_wconf 87' lang='grc' dir='ltr'><em>Ρ</em></span> <span class='ocrx_word' id='word_1_650' title='bbox 1066 2693 1098 2698; x_wconf 92' lang='lat'>—-</span> <span class='ocrx_word' id='word_1_651' title='bbox 1112 2687 1154 2712; x_wconf 84' lang='lat'>32·</span> <span class='ocrx_word' id='word_1_652' title='bbox 1169 2681 1202 2705; x_wconf 92' lang='lat' dir='ltr'>ab</span> <span class='ocrx_word' id='word_1_653' title='bbox 1215 2683 1343 2713; x_wconf 88' lang='lat' dir='ltr'>utrisque</span> <span class='ocrx_word' id='word_1_654' title='bbox 1356 2682 1485 2714; x_wconf 86' lang='lat' dir='ltr'>partibus</span> <span class='ocrx_word' id='word_1_655' title='bbox 1497 2690 1545 2706; x_wconf 88' lang='lat' dir='ltr'>om.</span> <span class='ocrx_word' id='word_1_656' title='bbox 1559 2681 1624 2707; x_wconf 88' lang='lat' dir='ltr'>BD</span> <span class='ocrx_word' id='word_1_657' title='bbox 1637 2695 1670 2700; x_wconf 97' lang='lat'><strong>—</strong></span> <span class='ocrx_word' id='word_1_658' title='bbox 1682 2689 1725 2714; x_wconf 85' lang='lat'>34.</span> <span class='ocrx_word' id='word_1_659' title='bbox 1739 2682 1971 2707; x_wconf 86' lang='lat' dir='ltr'>trascendendum</span> <span class='ocrx_word' id='word_1_660' title='bbox 1983 2681 2051 2706; x_wconf 88' lang='grc' dir='ltr'>Ρ-</span> <span class='ocrx_word' id='word_1_661' title='bbox 2064 2686 2096 2714; x_wconf 79' lang='grc'>35</span> 
     </span>
     <span class='ocr_line' id='line_1_78' title="bbox 349 2719 2012 2756; baseline 0.003 -12"><span class='ocrx_word' id='word_1_662' title='bbox 349 2719 455 2752; x_wconf 85' lang='lat' dir='ltr'>plexas]</span> <span class='ocrx_word' id='word_1_663' title='bbox 475 2728 523 2753; x_wconf 85' lang='lat' dir='ltr'>per</span> <span class='ocrx_word' id='word_1_664' title='bbox 541 2720 620 2745; x_wconf 84' lang='lat' dir='ltr'>lexas</span> <span class='ocrx_word' id='word_1_665' title='bbox 638 2721 664 2746; x_wconf 81' lang='grc' dir='ltr'><em>Ρ</em></span> <span class='ocrx_word' id='word_1_666' title='bbox 682 2735 715 2740; x_wconf 86' lang='lat'>——</span> <span class='ocrx_word' id='word_1_667' title='bbox 734 2720 777 2753; x_wconf 88' lang='lat'>36.</span> <span class='ocrx_word' id='word_1_668' title='bbox 796 2723 837 2746; x_wconf 87' lang='lat' dir='ltr'>sic</span> <span class='ocrx_word' id='word_1_669' title='bbox 857 2721 884 2746; x_wconf 89' lang='grc' dir='ltr'><em>Ρ</em></span> <span class='ocrx_word' id='word_1_670' title='bbox 900 2735 933 2739; x_wconf 94' lang='grc'><strong>-</strong></span> <span class='ocrx_word' id='word_1_671' title='bbox 951 2727 993 2754; x_wconf 83' lang='grc'>37.</span> <span class='ocrx_word' id='word_1_672' title='bbox 1014 2722 1158 2754; x_wconf 87' lang='lat' dir='ltr'>inimicus]</span> <span class='ocrx_word' id='word_1_673' title='bbox 1178 2723 1270 2748; x_wconf 85' lang='lat' dir='ltr'>hostis</span> <span class='ocrx_word' id='word_1_674' title='bbox 1290 2725 1319 2748; x_wconf 91' lang='lat' dir='ltr'><em>D</em></span> <span class='ocrx_word' id='word_1_675' title='bbox 1338 2737 1371 2741; x_wconf 90' lang='lat'>—-</span> <span class='ocrx_word' id='word_1_676' title='bbox 1392 2731 1433 2756; x_wconf 89' lang='lat'>39.</span> <span class='ocrx_word' id='word_1_677' title='bbox 1453 2723 1704 2756; x_wconf 81' lang='lat' dir='ltr'>concrepantibus]</span> <span class='ocrx_word' id='word_1_678' title='bbox 1724 2724 1967 2749; x_wconf 84' lang='lat' dir='ltr'>conclamantibus</span> <span class='ocrx_word' id='word_1_679' title='bbox 1985 2724 2012 2748; x_wconf 84' lang='lat' dir='ltr'><em>B</em></span> 
     </span>
    </p>
   </div>
   <div class='ocr_carea' id='block_1_10' title="bbox 392 2926 2188 3005">
    <p class='ocr_par' dir='ltr' id='par_1_11' title="bbox 392 2919 2202 3005">
     <span class='ocr_line' id='line_1_79' title="bbox 437 2926 2188 2968; baseline -0.003 -4"><span class='ocrx_word' id='word_1_680' title='bbox 437 2926 448 2944; x_wconf 77' lang='lat'><em>²</em></span> <span class='ocrx_word' id='word_1_681' title='bbox 467 2927 552 2953; x_wconf 65' lang='lat' dir='ltr'>Gun„</span> <span class='ocrx_word' id='word_1_682' title='bbox 571 2929 670 2959; x_wconf 59' lang='lat' dir='ltr'>Aron,</span> <span class='ocrx_word' id='word_1_683' title='bbox 689 2930 737 2962; x_wconf 64' lang='lat' dir='ltr'>IV,</span> <span class='ocrx_word' id='word_1_684' title='bbox 758 2936 825 2963; x_wconf 75' lang='lat'>44⁰²</span> <span class='ocrx_word' id='word_1_685' title='bbox 1380 2931 1391 2947; x_wconf 83' lang='lat'>³</span> <span class='ocrx_word' id='word_1_686' title='bbox 1410 2932 1495 2959; x_wconf 80' lang='lat' dir='ltr'>GmL.</span> <span class='ocrx_word' id='word_1_687' title='bbox 1515 2934 1616 2966; x_wconf 70' lang='lat' dir='ltr'>Ai’un„</span> <span class='ocrx_word' id='word_1_688' title='bbox 1635 2934 1683 2964; x_wconf 91' lang='lat' dir='ltr'>IV</span> <span class='ocrx_word' id='word_1_689' title='bbox 1703 2942 1755 2967; x_wconf 86' lang='lat'>449</span> <span class='ocrx_word' id='word_1_690' title='bbox 1770 2941 1837 2967; x_wconf 87' lang='lat' dir='ltr'>sgg.,</span> <span class='ocrx_word' id='word_1_691' title='bbox 1851 2942 1866 2959; x_wconf 84' lang='lat' dir='ltr'>e</span> <span class='ocrx_word' id='word_1_692' title='bbox 1879 2934 1971 2959; x_wconf 65' lang='lat' dir='ltr'>Astu</span> <span class='ocrx_word' id='word_1_693' title='bbox 1985 2931 2143 2965; x_wconf 68' lang='lat' dir='ltr'>Coun.,V.</span> <span class='ocrx_word' id='word_1_694' title='bbox 2155 2935 2188 2968; x_wconf 62' lang='lat'>1,</span> 
     </span>
     <span class='ocr_line' id='line_1_80' title="bbox 392 2975 1638 3005; baseline 0.005 -9"><span class='ocrx_word' id='word_1_695' title='bbox 392 2977 496 2997; x_wconf 81' lang='lat' dir='ltr'>Pervenit</span> <span class='ocrx_word' id='word_1_696' title='bbox 509 2978 567 3004; x_wconf 79' lang='lat' dir='ltr'>(scil.</span> <span class='ocrx_word' id='word_1_697' title='bbox 582 2978 640 3005; x_wconf 81' lang='lat' dir='ltr'>dux)</span> <span class='ocrx_word' id='word_1_698' title='bbox 654 2979 683 2999; x_wconf 80' lang='lat' dir='ltr'>ad</span> <span class='ocrx_word' id='word_1_699' title='bbox 698 2979 819 3005; x_wconf 82' lang='lat' dir='ltr'>quendam,</span> <span class='ocrx_word' id='word_1_700' title='bbox 835 2980 870 3000; x_wconf 89' lang='lat' dir='ltr'>cui</span> <span class='ocrx_word' id='word_1_701' title='bbox 885 2985 967 3000; x_wconf 85' lang='lat' dir='ltr'>nomen</span> <span class='ocrx_word' id='word_1_702' title='bbox 984 2979 1086 3005; x_wconf 66' lang='lat' dir='ltr'>Divinus,</span> <span class='ocrx_word' id='word_1_703' title='bbox 1101 2986 1197 3002; x_wconf 83' lang='lat' dir='ltr'>amnem.</span> <span class='ocrx_word' id='word_1_704' title='bbox 1293 2975 1322 2999; x_wconf 82' lang='lat' dir='ltr'>lo</span> <span class='ocrx_word' id='word_1_705' title='bbox 1342 2975 1447 3001; x_wconf 80' lang='lat' dir='ltr'>dicono</span> <span class='ocrx_word' id='word_1_706' title='bbox 1467 2975 1638 3002; x_wconf 78' lang='lat' dir='ltr'>amalfitano</span> 
     </span>
    </p>
   </div>
  </div>
 </body>
</html>
