<?xml version="1.0" encoding="UTF-8"?>
<!DOCTYPE html PUBLIC "-//W3C//DTD XHTML 1.0 Transitional//EN"
    "http://www.w3.org/TR/xhtml1/DTD/xhtml1-transitional.dtd">
<html xmlns="http://www.w3.org/1999/xhtml" xml:lang="en" lang="en">
 <head>
  <title>
</title>
<meta http-equiv="Content-Type" content="text/html;charset=utf-8" />
  <meta name='ocr-system' content='tesseract 3.04.00' />
  <meta name='ocr-capabilities' content='ocr_page ocr_carea ocr_par ocr_line ocrx_word'/>
</head>
<body>
  <div class='ocr_page' id='page_1' title='image "./rerumitalicarums51murauoft_0095.png"; bbox 0 0 2320 3424; ppageno 0'>
   <div class='ocr_carea' id='block_1_1' title="bbox 752 986 1365 1029">
    <p class='ocr_par' dir='ltr' id='par_1_1' title="bbox 752 986 1365 1029">
     <span class='ocr_line' id='line_1_1' title="bbox 752 986 1365 1029; baseline -0.002 0"><span class='ocrx_word' id='word_1_1' title='bbox 752 986 949 1029; x_wconf 82' lang='lat' dir='ltr'>INCIPIT</span> <span class='ocrx_word' id='word_1_2' title='bbox 981 986 1122 1029; x_wconf 87' lang='lat' dir='ltr'>LIBER</span> <span class='ocrx_word' id='word_1_3' title='bbox 1154 986 1365 1029; x_wconf 88' lang='lat' dir='ltr'>PRIMUS.</span> 
     </span>
    </p>
   </div>
   <div class='ocr_carea' id='block_1_2' title="bbox 40 1166 1986 1746">
    <p class='ocr_par' dir='ltr' id='par_1_2' title="bbox 40 1166 1986 1746">
     <span class='ocr_line' id='line_1_2' title="bbox 222 1166 1985 1214; baseline 0.001 -12"><span class='ocrx_word' id='word_1_4' title='bbox 222 1170 248 1202; x_wconf 90' lang='grc' dir='ltr'>Ι.</span> <span class='ocrx_word' id='word_1_5' title='bbox 274 1188 315 1193; x_wconf 87' lang='grc'><strong>-</strong></span> <span class='ocrx_word' id='word_1_6' title='bbox 340 1168 554 1201; x_wconf 83' lang='lat' dir='ltr'>Normannia</span> <span class='ocrx_word' id='word_1_7' title='bbox 576 1167 688 1211; x_wconf 85' lang='lat' dir='ltr'>patria</span> <span class='ocrx_word' id='word_1_8' title='bbox 710 1167 882 1210; x_wconf 84' lang='lat' dir='ltr'><strong>quaedam</strong></span> <span class='ocrx_word' id='word_1_9' title='bbox 905 1172 957 1199; x_wconf 81' lang='lat' dir='ltr'>est</span> <span class='ocrx_word' id='word_1_10' title='bbox 978 1167 1016 1200; x_wconf 85' lang='lat' dir='ltr'>in</span> <span class='ocrx_word' id='word_1_11' title='bbox 1037 1166 1192 1210; x_wconf 81' lang='lat' dir='ltr'>partibus</span> <span class='ocrx_word' id='word_1_12' title='bbox 1215 1167 1362 1206; x_wconf 86' lang='lat' dir='ltr'>Galliae,</span> <span class='ocrx_word' id='word_1_13' title='bbox 1386 1178 1475 1210; x_wconf 89' lang='lat' dir='ltr'>quae</span> <span class='ocrx_word' id='word_1_14' title='bbox 1498 1168 1638 1212; x_wconf 90' lang='lat' dir='ltr'>quidem</span> <span class='ocrx_word' id='word_1_15' title='bbox 1654 1179 1725 1203; x_wconf 88' lang='lat' dir='ltr'>non</span> <span class='ocrx_word' id='word_1_16' title='bbox 1741 1180 1879 1214; x_wconf 80' lang='lat' dir='ltr'>semper</span> <span class='ocrx_word' id='word_1_17' title='bbox 1895 1170 1985 1204; x_wconf 91' lang='lat' dir='ltr'>Nor-</span> 
     </span>
     <span class='ocr_line' id='line_1_3' title="bbox 132 1220 1986 1265; baseline 0.001 -9"><span class='ocrx_word' id='word_1_18' title='bbox 132 1223 272 1256; x_wconf 87' lang='lat' dir='ltr'>mannia</span> <span class='ocrx_word' id='word_1_19' title='bbox 296 1223 391 1256; x_wconf 82' lang='lat' dir='ltr'>dicta</span> <span class='ocrx_word' id='word_1_20' title='bbox 414 1222 498 1259; x_wconf 62' lang='lat' dir='ltr'>suin</span> <span class='ocrx_word' id='word_1_21' title='bbox 522 1221 586 1254; x_wconf 90' lang='lat' dir='ltr'>sed</span> <span class='ocrx_word' id='word_1_22' title='bbox 608 1220 737 1265; x_wconf 85' lang='lat' dir='ltr'>regalis</span> <span class='ocrx_word' id='word_1_23' title='bbox 760 1220 933 1264; x_wconf 83' lang='lat' dir='ltr'>quondam</span> <span class='ocrx_word' id='word_1_24' title='bbox 955 1230 1076 1264; x_wconf 87' lang='lat' dir='ltr'>regum</span> <span class='ocrx_word' id='word_1_25' title='bbox 1100 1221 1315 1253; x_wconf 85' lang='lat' dir='ltr'>Francorum</span> <span class='ocrx_word' id='word_1_26' title='bbox 1346 1221 1449 1254; x_wconf 80' lang='lat' dir='ltr'>fiscus</span> <span class='ocrx_word' id='word_1_27' title='bbox 1479 1231 1556 1254; x_wconf 91' lang='lat' dir='ltr'>cum</span> <span class='ocrx_word' id='word_1_28' title='bbox 1588 1228 1660 1255; x_wconf 88' lang='lat' dir='ltr'>toto</span> <span class='ocrx_word' id='word_1_29' title='bbox 1692 1233 1754 1255; x_wconf 86' lang='lat' dir='ltr'>suo</span> <span class='ocrx_word' id='word_1_30' title='bbox 1784 1224 1986 1265; x_wconf 88' lang='lat' dir='ltr'>tenimento,</span> 
     </span>
     <span class='ocr_line' id='line_1_4' title="bbox 60 1273 1986 1319; baseline 0 -9"><span class='ocrx_word' id='word_1_31' title='bbox 60 1311 62 1314; x_wconf 69' lang='grc'>,</span> <span class='ocrx_word' id='word_1_32' title='bbox 135 1277 232 1310; x_wconf 77' lang='lat' dir='ltr'>cuius</span> <span class='ocrx_word' id='word_1_33' title='bbox 254 1286 334 1319; x_wconf 89' lang='lat' dir='ltr'>pars</span> <span class='ocrx_word' id='word_1_34' title='bbox 357 1281 443 1313; x_wconf 85' lang='lat' dir='ltr'>erat,</span> <span class='ocrx_word' id='word_1_35' title='bbox 465 1274 620 1319; x_wconf 85' lang='lat' dir='ltr'>generali</span> <span class='ocrx_word' id='word_1_36' title='bbox 644 1273 784 1307; x_wconf 87' lang='lat' dir='ltr'>nomine</span> <span class='ocrx_word' id='word_1_37' title='bbox 806 1273 957 1307; x_wconf 80' lang='lat' dir='ltr'><strong>Francia</strong></span> <span class='ocrx_word' id='word_1_38' title='bbox 973 1279 1009 1306; x_wconf 89' lang='lat' dir='ltr'>et</span> <span class='ocrx_word' id='word_1_39' title='bbox 1023 1273 1075 1306; x_wconf 86' lang='lat' dir='ltr'>sic</span> <span class='ocrx_word' id='word_1_40' title='bbox 1092 1273 1294 1312; x_wconf 88' lang='lat' dir='ltr'>vocabatur,</span> <span class='ocrx_word' id='word_1_41' title='bbox 1310 1284 1419 1317; x_wconf 89' lang='lat' dir='ltr'>usque</span> <span class='ocrx_word' id='word_1_42' title='bbox 1435 1275 1516 1307; x_wconf 91' lang='lat' dir='ltr'>dum</span> <span class='ocrx_word' id='word_1_43' title='bbox 1533 1275 1663 1315; x_wconf 90' lang='lat' dir='ltr'>Rodlo,</span> <span class='ocrx_word' id='word_1_44' title='bbox 1680 1276 1751 1308; x_wconf 89' lang='lat' dir='ltr'>dux</span> <span class='ocrx_word' id='word_1_45' title='bbox 1767 1277 1986 1318; x_wconf 77' lang='lat' dir='ltr'>fortissimus,</span> 
     </span>
     <span class='ocr_line' id='line_1_5' title="bbox 40 1325 1986 1372; baseline 0.001 -10"><span class='ocrx_word' id='word_1_46' title='bbox 40 1337 56 1346; x_wconf 83' lang='grc'><strong>“</strong></span> <span class='ocrx_word' id='word_1_47' title='bbox 91 1330 108 1362; x_wconf 93' lang='grc'>5</span> <span class='ocrx_word' id='word_1_48' title='bbox 133 1335 233 1372; x_wconf 87' lang='lat' dir='ltr'>parta</span> <span class='ocrx_word' id='word_1_49' title='bbox 254 1329 412 1367; x_wconf 74' lang='lat' dir='ltr'>audacia,</span> <span class='ocrx_word' id='word_1_50' title='bbox 437 1339 480 1361; x_wconf 86' lang='lat' dir='ltr'>ex</span> <span class='ocrx_word' id='word_1_51' title='bbox 502 1327 666 1372; x_wconf 85' lang='lat' dir='ltr'>Norveja,</span> <span class='ocrx_word' id='word_1_52' title='bbox 690 1326 883 1360; x_wconf 86' lang='lat' dir='ltr'>coadunata</span> <span class='ocrx_word' id='word_1_53' title='bbox 913 1326 980 1359; x_wconf 86' lang='lat' dir='ltr'>sibi</span> <span class='ocrx_word' id='word_1_54' title='bbox 1009 1325 1158 1369; x_wconf 90' lang='lat' dir='ltr'>plurima</span> <span class='ocrx_word' id='word_1_55' title='bbox 1188 1327 1330 1360; x_wconf 77' lang='lat' dir='ltr'>fortium</span> <span class='ocrx_word' id='word_1_56' title='bbox 1362 1327 1507 1360; x_wconf 87' lang='lat' dir='ltr'>militum</span> <span class='ocrx_word' id='word_1_57' title='bbox 1538 1338 1654 1368; x_wconf 85' lang='lat' dir='ltr'>manu,</span> <span class='ocrx_word' id='word_1_58' title='bbox 1685 1330 1798 1362; x_wconf 81' lang='lat' dir='ltr'>navali</span> <span class='ocrx_word' id='word_1_59' title='bbox 1829 1331 1986 1364; x_wconf 88' lang='lat' dir='ltr'>exercitu</span> 
     </span>
     <span class='ocr_line' id='line_1_6' title="bbox 132 1380 1986 1426; baseline 0.001 -10"><span class='ocrx_word' id='word_1_60' title='bbox 132 1394 207 1416; x_wconf 85' lang='lat' dir='ltr'>sese</span> <span class='ocrx_word' id='word_1_61' title='bbox 230 1383 357 1426; x_wconf 84' lang='lat' dir='ltr'>pelago</span> <span class='ocrx_word' id='word_1_62' title='bbox 379 1381 606 1419; x_wconf 84' lang='lat' dir='ltr'>credentium,</span> <span class='ocrx_word' id='word_1_63' title='bbox 629 1380 772 1413; x_wconf 86' lang='lat' dir='ltr'>Frisiam</span> <span class='ocrx_word' id='word_1_64' title='bbox 795 1386 830 1413; x_wconf 91' lang='lat' dir='ltr'>et</span> <span class='ocrx_word' id='word_1_65' title='bbox 852 1390 1011 1425; x_wconf 90' lang='lat' dir='ltr'>quaeque</span> <span class='ocrx_word' id='word_1_66' title='bbox 1032 1380 1204 1414; x_wconf 79' lang='lat' dir='ltr'>maritima</span> <span class='ocrx_word' id='word_1_67' title='bbox 1226 1380 1304 1413; x_wconf 89' lang='lat' dir='ltr'>loca</span> <span class='ocrx_word' id='word_1_68' title='bbox 1326 1391 1435 1425; x_wconf 90' lang='lat' dir='ltr'>usque</span> <span class='ocrx_word' id='word_1_69' title='bbox 1450 1381 1669 1414; x_wconf 89' lang='lat' dir='ltr'>occidentem</span> <span class='ocrx_word' id='word_1_70' title='bbox 1693 1383 1887 1422; x_wconf 87' lang='lat' dir='ltr'>devastans,</span> <span class='ocrx_word' id='word_1_71' title='bbox 1911 1390 1986 1418; x_wconf 89' lang='lat' dir='ltr'>tan-</span> 
     </span>
     <span class='ocr_line' id='line_1_7' title="bbox 131 1433 1984 1479; baseline 0.001 -10"><span class='ocrx_word' id='word_1_72' title='bbox 131 1436 213 1470; x_wconf 91' lang='lat' dir='ltr'>dem</span> <span class='ocrx_word' id='word_1_73' title='bbox 236 1436 272 1468; x_wconf 87' lang='lat' dir='ltr'>in</span> <span class='ocrx_word' id='word_1_74' title='bbox 294 1441 409 1478; x_wconf 88' lang='lat' dir='ltr'>portu,</span> <span class='ocrx_word' id='word_1_75' title='bbox 433 1435 492 1468; x_wconf 88' lang='lat' dir='ltr'>ubi</span> <span class='ocrx_word' id='word_1_76' title='bbox 514 1433 649 1468; x_wconf 87' lang='lat' dir='ltr'>Secana</span> <span class='ocrx_word' id='word_1_77' title='bbox 671 1433 796 1467; x_wconf 82' lang='lat' dir='ltr'>fluvius</span> <span class='ocrx_word' id='word_1_78' title='bbox 817 1434 853 1466; x_wconf 88' lang='lat' dir='ltr'>in</span> <span class='ocrx_word' id='word_1_79' title='bbox 874 1444 969 1467; x_wconf 87' lang='lat' dir='ltr'>mare</span> <span class='ocrx_word' id='word_1_80' title='bbox 993 1435 1148 1467; x_wconf 86' lang='lat' dir='ltr'>defluens</span> <span class='ocrx_word' id='word_1_81' title='bbox 1178 1434 1296 1472; x_wconf 84' lang='lat' dir='ltr'><strong>intrat,</strong></span> <span class='ocrx_word' id='word_1_82' title='bbox 1328 1435 1491 1477; x_wconf 79' lang='lat' dir='ltr'>appulsus</span> <span class='ocrx_word' id='word_1_83' title='bbox 1522 1441 1590 1468; x_wconf 88' lang='lat' dir='ltr'>est:</span> <span class='ocrx_word' id='word_1_84' title='bbox 1626 1435 1726 1468; x_wconf 91' lang='lat' dir='ltr'>cuius</span> <span class='ocrx_word' id='word_1_85' title='bbox 1754 1447 1817 1479; x_wconf 88' lang='lat' dir='ltr'>per</span> <span class='ocrx_word' id='word_1_86' title='bbox 1850 1437 1984 1470; x_wconf 82' lang='lat' dir='ltr'>alveum</span> 
     </span>
     <span class='ocr_line' id='line_1_8' title="bbox 133 1487 1983 1533; baseline 0.001 -11"><span class='ocrx_word' id='word_1_87' title='bbox 133 1490 283 1522; x_wconf 86' lang='lat' dir='ltr'>maxima</span> <span class='ocrx_word' id='word_1_88' title='bbox 303 1488 428 1521; x_wconf 88' lang='lat' dir='ltr'>&#39;classe</span> <span class='ocrx_word' id='word_1_89' title='bbox 450 1487 695 1531; x_wconf 76' lang='lat' dir='ltr'>profundiores</span> <span class='ocrx_word' id='word_1_90' title='bbox 717 1493 834 1530; x_wconf 86' lang='lat' dir='ltr'>partes</span> <span class='ocrx_word' id='word_1_91' title='bbox 856 1487 1025 1520; x_wconf 87' lang='lat' dir='ltr'>Franciae</span> <span class='ocrx_word' id='word_1_92' title='bbox 1047 1493 1245 1530; x_wconf 86' lang='lat' dir='ltr'>penetrans,</span> <span class='ocrx_word' id='word_1_93' title='bbox 1269 1487 1479 1520; x_wconf 87' lang='lat' dir='ltr'>amoenitate</span> <span class='ocrx_word' id='word_1_94' title='bbox 1510 1489 1665 1521; x_wconf 86' lang='lat' dir='ltr'>locorum</span> <span class='ocrx_word' id='word_1_95' title='bbox 1696 1489 1866 1531; x_wconf 86' lang='lat' dir='ltr'>inspecta,</span> <span class='ocrx_word' id='word_1_96' title='bbox 1898 1502 1983 1533; x_wconf 86' lang='lat' dir='ltr'>prae</span> 
     </span>
     <span class='ocr_line' id='line_1_9' title="bbox 133 1541 1985 1585; baseline 0.001 -10"><span class='ocrx_word' id='word_1_97' title='bbox 133 1542 282 1576; x_wconf 88' lang='lat' dir='ltr'>caeteris</span> <span class='ocrx_word' id='word_1_98' title='bbox 304 1552 390 1585; x_wconf 90' lang='lat' dir='ltr'>quas</span> <span class='ocrx_word' id='word_1_99' title='bbox 411 1541 658 1584; x_wconf 77' lang='lat' dir='ltr'>pertransierat</span> <span class='ocrx_word' id='word_1_100' title='bbox 681 1542 854 1584; x_wconf 82' lang='lat' dir='ltr'>regiones,</span> <span class='ocrx_word' id='word_1_101' title='bbox 876 1541 968 1574; x_wconf 88' lang='lat' dir='ltr'>hanc</span> <span class='ocrx_word' id='word_1_102' title='bbox 992 1551 1110 1574; x_wconf 90' lang='lat' dir='ltr'>amore</span> <span class='ocrx_word' id='word_1_103' title='bbox 1133 1541 1298 1584; x_wconf 86' lang='lat' dir='ltr'>amplecti</span> <span class='ocrx_word' id='word_1_104' title='bbox 1322 1547 1358 1574; x_wconf 91' lang='lat' dir='ltr'>et</span> <span class='ocrx_word' id='word_1_105' title='bbox 1381 1541 1445 1574; x_wconf 89' lang='lat' dir='ltr'>sibi</span> <span class='ocrx_word' id='word_1_106' title='bbox 1476 1542 1642 1585; x_wconf 88' lang='lat' dir='ltr'>adoptare</span> <span class='ocrx_word' id='word_1_107' title='bbox 1666 1542 1763 1575; x_wconf 77' lang='lat' dir='ltr'>fecit.</span> <span class='ocrx_word' id='word_1_108' title='bbox 1809 1543 1870 1575; x_wconf 87' lang='lat' dir='ltr'>Est</span> <span class='ocrx_word' id='word_1_109' title='bbox 1894 1545 1985 1577; x_wconf 90' lang='lat' dir='ltr'>enim</span> 
     </span>
     <span class='ocr_line' id='line_1_10' title="bbox 43 1588 1986 1639; baseline 0 -9"><span class='ocrx_word' id='word_1_110' title='bbox 43 1588 57 1617; x_wconf 41' lang='lat'>²*</span> <span class='ocrx_word' id='word_1_111' title='bbox 69 1595 109 1630; x_wconf 89' lang='lat'>10</span> <span class='ocrx_word' id='word_1_112' title='bbox 132 1595 275 1639; x_wconf 81' lang='lat' dir='ltr'>piscosis</span> <span class='ocrx_word' id='word_1_113' title='bbox 297 1594 493 1628; x_wconf 89' lang='lat' dir='ltr'>fluminibus</span> <span class='ocrx_word' id='word_1_114' title='bbox 515 1601 551 1627; x_wconf 89' lang='lat' dir='ltr'>et</span> <span class='ocrx_word' id='word_1_115' title='bbox 573 1593 740 1627; x_wconf 80' lang='lat' dir='ltr'>feralibus</span> <span class='ocrx_word' id='word_1_116' title='bbox 763 1594 858 1627; x_wconf 85' lang='lat' dir='ltr'>silvis</span> <span class='ocrx_word' id='word_1_117' title='bbox 880 1594 1186 1633; x_wconf 83' lang='lat' dir='ltr'>abundantissima,</span> <span class='ocrx_word' id='word_1_118' title='bbox 1214 1594 1416 1637; x_wconf 80' lang='lat' dir='ltr'>accipitrum</span> <span class='ocrx_word' id='word_1_119' title='bbox 1433 1595 1598 1628; x_wconf 88' lang='lat' dir='ltr'>exercitio</span> <span class='ocrx_word' id='word_1_120' title='bbox 1615 1596 1799 1638; x_wconf 79' lang='lat' dir='ltr'>aptissima,</span> <span class='ocrx_word' id='word_1_121' title='bbox 1822 1597 1986 1637; x_wconf 78' lang='lat' dir='ltr'>frumenti</span> 
     </span>
     <span class='ocr_line' id='line_1_11' title="bbox 130 1647 1986 1695; baseline 0.001 -12"><span class='ocrx_word' id='word_1_122' title='bbox 130 1654 418 1692; x_wconf 85' lang='lat' dir='ltr'>caeterarumque</span> <span class='ocrx_word' id='word_1_123' title='bbox 442 1654 598 1692; x_wconf 89' lang='lat' dir='ltr'>segetum</span> <span class='ocrx_word' id='word_1_124' title='bbox 621 1647 756 1686; x_wconf 79' lang='lat' dir='ltr'>fertilis,</span> <span class='ocrx_word' id='word_1_125' title='bbox 779 1647 917 1691; x_wconf 82' lang='lat' dir='ltr'>pascuis</span> <span class='ocrx_word' id='word_1_126' title='bbox 938 1647 1124 1687; x_wconf 87' lang='lat' dir='ltr'>uberrima,</span> <span class='ocrx_word' id='word_1_127' title='bbox 1147 1657 1314 1691; x_wconf 90' lang='lat' dir='ltr'>pecorum</span> <span class='ocrx_word' id='word_1_128' title='bbox 1337 1648 1462 1680; x_wconf 84' lang='lat' dir='ltr'>nutrix.</span> <span class='ocrx_word' id='word_1_129' title='bbox 1511 1647 1749 1687; x_wconf 84' lang='lat' dir='ltr'>Quamobrem</span> <span class='ocrx_word' id='word_1_130' title='bbox 1774 1660 1817 1682; x_wconf 83' lang='lat' dir='ltr'>ex</span> <span class='ocrx_word' id='word_1_131' title='bbox 1840 1656 1986 1695; x_wconf 86' lang='lat' dir='ltr'>utraque</span> 
     </span>
     <span class='ocr_line' id='line_1_12' title="bbox 130 1700 1621 1746; baseline -0.001 -10"><span class='ocrx_word' id='word_1_132' title='bbox 130 1702 208 1746; x_wconf 84' lang='lat' dir='ltr'>ripa</span> <span class='ocrx_word' id='word_1_133' title='bbox 230 1701 461 1745; x_wconf 79' lang='lat' dir='ltr'>prosilientes,</span> <span class='ocrx_word' id='word_1_134' title='bbox 485 1701 618 1734; x_wconf 86' lang='lat' dir='ltr'>incolas</span> <span class='ocrx_word' id='word_1_135' title='bbox 641 1701 731 1733; x_wconf 86' lang='lat' dir='ltr'>illius</span> <span class='ocrx_word' id='word_1_136' title='bbox 753 1700 908 1744; x_wconf 85' lang='lat' dir='ltr'>regionis</span> <span class='ocrx_word' id='word_1_137' title='bbox 931 1711 993 1734; x_wconf 89' lang='lat' dir='ltr'>suo</span> <span class='ocrx_word' id='word_1_138' title='bbox 1015 1700 1161 1744; x_wconf 89' lang='lat' dir='ltr'>imperio</span> <span class='ocrx_word' id='word_1_139' title='bbox 1184 1700 1370 1745; x_wconf 85' lang='lat' dir='ltr'>subjugare</span> <span class='ocrx_word' id='word_1_140' title='bbox 1395 1707 1587 1744; x_wconf 90' lang='lat' dir='ltr'>coeperunt</span> <span class='ocrx_word' id='word_1_141' title='bbox 1600 1702 1621 1735; x_wconf 85' lang='lat'>¹.</span> 
     </span>
    </p>
   </div>
   <div class='ocr_carea' id='block_1_3' title="bbox 0 0 85 3424">
    <p class='ocr_par' dir='ltr' id='par_1_3' title="bbox 0 0 85 3424">
     <span class='ocr_line' id='line_1_13' title="bbox 0 0 85 3424; baseline 0 0"><span class='ocrx_word' id='word_1_142' title='bbox 0 0 85 3424; x_wconf 95' lang='lat' dir='ltr'> </span> 
     </span>
    </p>
   </div>
   <div class='ocr_carea' id='block_1_4' title="bbox 48 1807 1983 2014">
    <p class='ocr_par' dir='ltr' id='par_1_4' title="bbox 48 1807 1983 2014">
     <span class='ocr_line' id='line_1_14' title="bbox 217 1807 1983 1852; baseline 0.001 -10"><span class='ocrx_word' id='word_1_143' title='bbox 217 1809 261 1842; x_wconf 90' lang='grc' dir='ltr'>ΙΙ.</span> <span class='ocrx_word' id='word_1_144' title='bbox 285 1826 328 1832; x_wconf 82' lang='grc'>--·</span> <span class='ocrx_word' id='word_1_145' title='bbox 352 1809 432 1842; x_wconf 87' lang='lat' dir='ltr'>Rex</span> <span class='ocrx_word' id='word_1_146' title='bbox 455 1814 580 1847; x_wconf 89' lang='lat' dir='ltr'>autem,</span> <span class='ocrx_word' id='word_1_147' title='bbox 604 1808 664 1852; x_wconf 93' lang='lat' dir='ltr'>qui</span> <span class='ocrx_word' id='word_1_148' title='bbox 688 1814 771 1841; x_wconf 90' lang='lat' dir='ltr'>tunc</span> <span class='ocrx_word' id='word_1_149' title='bbox 794 1809 958 1852; x_wconf 89' lang='lat' dir='ltr'>temporis</span> <span class='ocrx_word' id='word_1_150' title='bbox 980 1807 1152 1842; x_wconf 85' lang='lat' dir='ltr'>Franciae</span> <span class='ocrx_word' id='word_1_151' title='bbox 1174 1814 1346 1851; x_wconf 84' lang='lat' dir='ltr'>praeerat,</span> <span class='ocrx_word' id='word_1_152' title='bbox 1369 1808 1571 1842; x_wconf 84' lang='lat' dir='ltr'>Ludovicus</span> <span class='ocrx_word' id='word_1_153' title='bbox 1597 1830 1633 1835; x_wconf 90' lang='lat'><em>-</em></span> <span class='ocrx_word' id='word_1_154' title='bbox 1667 1815 1704 1842; x_wconf 89' lang='lat' dir='ltr'>ut</span> <span class='ocrx_word' id='word_1_155' title='bbox 1736 1811 1911 1844; x_wconf 89' lang='lat' dir='ltr'>credimus</span> <span class='ocrx_word' id='word_1_156' title='bbox 1943 1830 1983 1836; x_wconf 93' lang='lat'>-—</span> 
     </span>
     <span class='ocr_line' id='line_1_15' title="bbox 57 1861 1983 1908; baseline 0.001 -11.993"><span class='ocrx_word' id='word_1_157' title='bbox 57 1895 59 1898; x_wconf 88' lang='grc'><em>,</em></span> <span class='ocrx_word' id='word_1_158' title='bbox 129 1863 303 1896; x_wconf 86' lang='lat' dir='ltr'>secundus</span> <span class='ocrx_word' id='word_1_159' title='bbox 314 1862 337 1900; x_wconf 78' lang='lat'>¹,</span> <span class='ocrx_word' id='word_1_160' title='bbox 362 1862 582 1905; x_wconf 90' lang='lat' dir='ltr'>comperiens</span> <span class='ocrx_word' id='word_1_161' title='bbox 604 1862 719 1895; x_wconf 86' lang='lat' dir='ltr'>hostes</span> <span class='ocrx_word' id='word_1_162' title='bbox 742 1862 829 1895; x_wconf 88' lang='lat' dir='ltr'>fines</span> <span class='ocrx_word' id='word_1_163' title='bbox 850 1862 987 1905; x_wconf 87' lang='lat' dir='ltr'>imperii</span> <span class='ocrx_word' id='word_1_164' title='bbox 1009 1861 1063 1895; x_wconf 88' lang='lat' dir='ltr'>sui</span> <span class='ocrx_word' id='word_1_165' title='bbox 1085 1861 1261 1902; x_wconf 84' lang='lat' dir='ltr'>invasisse,</span> <span class='ocrx_word' id='word_1_166' title='bbox 1284 1862 1395 1904; x_wconf 88' lang='lat' dir='ltr'>primo</span> <span class='ocrx_word' id='word_1_167' title='bbox 1419 1862 1560 1906; x_wconf 90' lang='lat' dir='ltr'>quidem</span> <span class='ocrx_word' id='word_1_168' title='bbox 1584 1862 1793 1908; x_wconf 88' lang='lat' dir='ltr'>indignatus,</span> <span class='ocrx_word' id='word_1_169' title='bbox 1811 1871 1983 1898; x_wconf 88' lang='lat' dir='ltr'>commoto</span> 
     </span>
     <span class='ocr_line' id='line_1_16' title="bbox 48 1911 1982 1955; baseline 0.001 -5"><span class='ocrx_word' id='word_1_170' title='bbox 48 1911 51 1934; x_wconf 63' lang='lat'><strong>3</strong></span> <span class='ocrx_word' id='word_1_171' title='bbox 69 1916 106 1950; x_wconf 83' lang='lat'>15</span> <span class='ocrx_word' id='word_1_172' title='bbox 130 1916 296 1955; x_wconf 82' lang='lat' dir='ltr'>exercitu,</span> <span class='ocrx_word' id='word_1_173' title='bbox 318 1915 474 1949; x_wconf 91' lang='lat' dir='ltr'>hostibus</span> <span class='ocrx_word' id='word_1_174' title='bbox 496 1916 751 1949; x_wconf 89' lang='lat' dir='ltr'>occurrendum</span> <span class='ocrx_word' id='word_1_175' title='bbox 775 1921 811 1948; x_wconf 90' lang='lat' dir='ltr'>et</span> <span class='ocrx_word' id='word_1_176' title='bbox 834 1916 959 1949; x_wconf 88' lang='lat' dir='ltr'>ducem</span> <span class='ocrx_word' id='word_1_177' title='bbox 983 1921 1018 1948; x_wconf 91' lang='lat' dir='ltr'>et</span> <span class='ocrx_word' id='word_1_178' title='bbox 1041 1925 1100 1948; x_wconf 87' lang='lat' dir='ltr'>eos</span> <span class='ocrx_word' id='word_1_179' title='bbox 1123 1926 1144 1948; x_wconf 88' lang='lat' dir='ltr'>a</span> <span class='ocrx_word' id='word_1_180' title='bbox 1166 1915 1290 1948; x_wconf 86' lang='lat' dir='ltr'>finibus</span> <span class='ocrx_word' id='word_1_181' title='bbox 1306 1916 1376 1949; x_wconf 87' lang='lat' dir='ltr'>suis</span> <span class='ocrx_word' id='word_1_182' title='bbox 1391 1926 1513 1949; x_wconf 91' lang='lat' dir='ltr'>arcere</span> <span class='ocrx_word' id='word_1_183' title='bbox 1529 1916 1684 1949; x_wconf 88' lang='lat' dir='ltr'>instituit.</span> <span class='ocrx_word' id='word_1_184' title='bbox 1730 1917 1801 1950; x_wconf 90' lang='lat' dir='ltr'>Sed</span> <span class='ocrx_word' id='word_1_185' title='bbox 1818 1929 1897 1950; x_wconf 91' lang='lat' dir='ltr'>cum</span> <span class='ocrx_word' id='word_1_186' title='bbox 1913 1919 1982 1952; x_wconf 93' lang='lat' dir='ltr'>hoc</span> 
     </span>
     <span class='ocr_line' id='line_1_17' title="bbox 53 1963 1982 2014; baseline 0.002 -12"><span class='ocrx_word' id='word_1_187' title='bbox 53 1963 63 1971; x_wconf 65' lang='grc'>’</span> <span class='ocrx_word' id='word_1_188' title='bbox 127 1980 198 2003; x_wconf 86' lang='lat' dir='ltr'>non</span> <span class='ocrx_word' id='word_1_189' title='bbox 220 1969 293 2002; x_wconf 83' lang='lat' dir='ltr'>sine</span> <span class='ocrx_word' id='word_1_190' title='bbox 317 1979 445 2013; x_wconf 88' lang='lat' dir='ltr'>magno</span> <span class='ocrx_word' id='word_1_191' title='bbox 469 1969 679 2002; x_wconf 86' lang='lat' dir='ltr'>detrimento</span> <span class='ocrx_word' id='word_1_192' title='bbox 703 1979 841 2001; x_wconf 89' lang='lat' dir='ltr'>suorum</span> <span class='ocrx_word' id='word_1_193' title='bbox 866 1968 916 2002; x_wconf 89' lang='lat' dir='ltr'>&#39;se</span> <span class='ocrx_word' id='word_1_194' title='bbox 938 1979 1045 2012; x_wconf 84' lang='lat' dir='ltr'>agere</span> <span class='ocrx_word' id='word_1_195' title='bbox 1067 1978 1170 2012; x_wconf 82' lang='lat' dir='ltr'>posse</span> <span class='ocrx_word' id='word_1_196' title='bbox 1194 1975 1438 2013; x_wconf 85' lang='lat' dir='ltr'>cognosceret,</span> <span class='ocrx_word' id='word_1_197' title='bbox 1461 1970 1576 2002; x_wconf 86' lang='lat' dir='ltr'>varios</span> <span class='ocrx_word' id='word_1_198' title='bbox 1600 1975 1744 2003; x_wconf 88' lang='lat' dir='ltr'>eventus</span> <span class='ocrx_word' id='word_1_199' title='bbox 1773 1971 1857 2004; x_wconf 93' lang='lat' dir='ltr'>belli</span> <span class='ocrx_word' id='word_1_200' title='bbox 1874 1972 1982 2014; x_wconf 86' lang='lat' dir='ltr'>perti-</span> 
     </span>
    </p>
   </div>
   <div class='ocr_carea' id='block_1_5' title="bbox 43 2080 1985 2498">
    <p class='ocr_par' dir='ltr' id='par_1_5' title="bbox 43 2080 1985 2498">
     <span class='ocr_line' id='line_1_18' title="bbox 221 2080 1983 2116; baseline 0.001 -9"><span class='ocrx_word' id='word_1_201' title='bbox 221 2089 245 2108; x_wconf 87' lang='lat'>2.</span> <span class='ocrx_word' id='word_1_202' title='bbox 265 2080 454 2116; x_wconf 79' lang='lat' dir='ltr'>Normannla]</span> <span class='ocrx_word' id='word_1_203' title='bbox 473 2081 524 2107; x_wconf 70' lang='lat' dir='ltr'>cosi</span> <span class='ocrx_word' id='word_1_204' title='bbox 544 2083 590 2111; x_wconf 85' lang='lat' dir='ltr'>P,-</span> <span class='ocrx_word' id='word_1_205' title='bbox 608 2082 794 2111; x_wconf 70' lang='lat' dir='ltr'>NormandIa,</span> <span class='ocrx_word' id='word_1_206' title='bbox 813 2089 827 2106; x_wconf 76' lang='lat' dir='ltr'>e</span> <span class='ocrx_word' id='word_1_207' title='bbox 840 2081 892 2114; x_wconf 63' lang='lat' dir='ltr'>pin}</span> <span class='ocrx_word' id='word_1_208' title='bbox 911 2082 941 2106; x_wconf 78' lang='lat' dir='ltr'>in</span> <span class='ocrx_word' id='word_1_209' title='bbox 960 2082 987 2106; x_wconf 74' lang='grc' dir='ltr'>ἰὰ</span> <span class='ocrx_word' id='word_1_210' title='bbox 1005 2082 1088 2106; x_wconf 74' lang='lat' dir='ltr'>anche</span> <span class='ocrx_word' id='word_1_211' title='bbox 1107 2082 1266 2107; x_wconf 83' lang='lat' dir='ltr'>Normania</span> <span class='ocrx_word' id='word_1_212' title='bbox 1288 2083 1350 2107; x_wconf 88' lang='lat' dir='ltr'>BD</span> <span class='ocrx_word' id='word_1_213' title='bbox 1369 2095 1400 2100; x_wconf 90' lang='lat'>-—</span> <span class='ocrx_word' id='word_1_214' title='bbox 1421 2090 1446 2116; x_wconf 86' lang='lat'>3.</span> <span class='ocrx_word' id='word_1_215' title='bbox 1465 2083 1607 2115; x_wconf 87' lang='lat' dir='ltr'>quondam</span> <span class='ocrx_word' id='word_1_216' title='bbox 1627 2091 1676 2108; x_wconf 85' lang='lat' dir='ltr'>om.</span> <span class='ocrx_word' id='word_1_217' title='bbox 1698 2084 1723 2107; x_wconf 78' lang='grc' dir='ltr'><em>Ρ</em></span> <span class='ocrx_word' id='word_1_218' title='bbox 1740 2097 1748 2101; x_wconf 96' lang='grc'>-</span> <span class='ocrx_word' id='word_1_219' title='bbox 1763 2085 1920 2109; x_wconf 82' lang='lat' dir='ltr'>tenimento</span> <span class='ocrx_word' id='word_1_220' title='bbox 1933 2092 1983 2111; x_wconf 78' lang='lat' dir='ltr'>om,</span> 
     </span>
     <span class='ocr_line' id='line_1_19' title="bbox 131 2123 1984 2160; baseline 0.001 -10"><span class='ocrx_word' id='word_1_221' title='bbox 131 2126 203 2150; x_wconf 86' lang='lat' dir='ltr'>P—</span> <span class='ocrx_word' id='word_1_222' title='bbox 222 2133 248 2158; x_wconf 82' lang='lat'>4.</span> <span class='ocrx_word' id='word_1_223' title='bbox 265 2125 406 2158; x_wconf 77' lang='lat' dir='ltr'>generalis</span> <span class='ocrx_word' id='word_1_224' title='bbox 423 2125 475 2150; x_wconf 67' lang='lat' dir='ltr'>cosi</span> <span class='ocrx_word' id='word_1_225' title='bbox 495 2125 522 2149; x_wconf 89' lang='lat' dir='ltr'><em>P</em></span> <span class='ocrx_word' id='word_1_226' title='bbox 538 2138 549 2143; x_wconf 98' lang='lat'>-</span> <span class='ocrx_word' id='word_1_227' title='bbox 569 2123 696 2159; x_wconf 80' lang='lat' dir='ltr'>nomine]</span> <span class='ocrx_word' id='word_1_228' title='bbox 716 2125 788 2149; x_wconf 84' lang='lat' dir='ltr'>olim</span> <span class='ocrx_word' id='word_1_229' title='bbox 806 2125 870 2149; x_wconf 88' lang='lat' dir='ltr'>BD</span> <span class='ocrx_word' id='word_1_230' title='bbox 888 2138 897 2143; x_wconf 91' lang='lat'><em>-</em></span> <span class='ocrx_word' id='word_1_231' title='bbox 916 2123 1038 2150; x_wconf 70' lang='lat' dir='ltr'>Francia</span> <span class='ocrx_word' id='word_1_232' title='bbox 1048 2126 1076 2150; x_wconf 88' lang='lat' dir='ltr'>et</span> <span class='ocrx_word' id='word_1_233' title='bbox 1089 2126 1130 2149; x_wconf 85' lang='lat' dir='ltr'>sic</span> <span class='ocrx_word' id='word_1_234' title='bbox 1149 2123 1316 2158; x_wconf 84' lang='lat' dir='ltr'>vocabatur]</span> <span class='ocrx_word' id='word_1_235' title='bbox 1334 2125 1455 2150; x_wconf 81' lang='lat' dir='ltr'>Francia</span> <span class='ocrx_word' id='word_1_236' title='bbox 1474 2126 1711 2158; x_wconf 82' lang='lat' dir='ltr'>nuncupabantur</span> <span class='ocrx_word' id='word_1_237' title='bbox 1730 2127 1758 2150; x_wconf 89' lang='lat' dir='ltr'><em>P</em></span> <span class='ocrx_word' id='word_1_238' title='bbox 1775 2139 1807 2143; x_wconf 90' lang='lat'>—</span> <span class='ocrx_word' id='word_1_239' title='bbox 1823 2133 1846 2158; x_wconf 86' lang='lat'>5.</span> <span class='ocrx_word' id='word_1_240' title='bbox 1860 2127 1955 2160; x_wconf 83' lang='lat' dir='ltr'>pirata</span> <span class='ocrx_word' id='word_1_241' title='bbox 1967 2135 1984 2152; x_wconf 88' lang='lat' dir='ltr'>a</span> 
     </span>
     <span class='ocr_line' id='line_1_20' title="bbox 131 2165 1985 2202; baseline 0.001 -9"><span class='ocrx_word' id='word_1_242' title='bbox 131 2169 223 2194; x_wconf 82' lang='lat' dir='ltr'>Dacla</span> <span class='ocrx_word' id='word_1_243' title='bbox 241 2168 287 2192; x_wconf 82' lang='lat' dir='ltr'>vel</span> <span class='ocrx_word' id='word_1_244' title='bbox 306 2167 433 2202; x_wconf 67' lang='lat' dir='ltr'>Nor-veja</span> <span class='ocrx_word' id='word_1_245' title='bbox 446 2168 474 2193; x_wconf 90' lang='lat' dir='ltr'><em>P</em></span> <span class='ocrx_word' id='word_1_246' title='bbox 490 2181 500 2186; x_wconf 99' lang='lat'>-</span> <span class='ocrx_word' id='word_1_247' title='bbox 519 2167 674 2202; x_wconf 80' lang='lat' dir='ltr'>plurimum</span> <span class='ocrx_word' id='word_1_248' title='bbox 694 2168 721 2192; x_wconf 89' lang='lat' dir='ltr'><em>B</em></span> <span class='ocrx_word' id='word_1_249' title='bbox 739 2181 771 2185; x_wconf 81' lang='lat'>—-</span> <span class='ocrx_word' id='word_1_250' title='bbox 790 2166 815 2192; x_wconf 89' lang='lat'>6.</span> <span class='ocrx_word' id='word_1_251' title='bbox 836 2175 864 2192; x_wconf 87' lang='lat' dir='ltr'>se</span> <span class='ocrx_word' id='word_1_252' title='bbox 883 2167 984 2200; x_wconf 79' lang='lat' dir='ltr'>pelago</span> <span class='ocrx_word' id='word_1_253' title='bbox 1003 2167 1032 2191; x_wconf 81' lang='lat' dir='ltr'><em>P</em></span> <span class='ocrx_word' id='word_1_254' title='bbox 1048 2180 1057 2185; x_wconf 94' lang='lat'>-</span> <span class='ocrx_word' id='word_1_255' title='bbox 1077 2165 1175 2201; x_wconf 87' lang='lat' dir='ltr'>usque]</span> <span class='ocrx_word' id='word_1_256' title='bbox 1196 2175 1293 2192; x_wconf 83' lang='lat' dir='ltr'>versus</span> <span class='ocrx_word' id='word_1_257' title='bbox 1312 2169 1377 2192; x_wconf 84' lang='lat' dir='ltr'><em>PD</em></span> <span class='ocrx_word' id='word_1_258' title='bbox 1394 2181 1427 2185; x_wconf 88' lang='lat'>-—</span> <span class='ocrx_word' id='word_1_259' title='bbox 1448 2174 1471 2201; x_wconf 88' lang='lat'>7.</span> <span class='ocrx_word' id='word_1_260' title='bbox 1492 2175 1547 2200; x_wconf 90' lang='lat' dir='ltr'>quo</span> <span class='ocrx_word' id='word_1_261' title='bbox 1566 2167 1694 2200; x_wconf 89' lang='lat' dir='ltr'>Sequana</span> <span class='ocrx_word' id='word_1_262' title='bbox 1714 2169 1741 2192; x_wconf 88' lang='lat' dir='ltr'><em>P</em></span> <span class='ocrx_word' id='word_1_263' title='bbox 1756 2181 1768 2187; x_wconf 94' lang='lat'>-</span> <span class='ocrx_word' id='word_1_264' title='bbox 1786 2175 1835 2202; x_wconf 84' lang='lat' dir='ltr'>per</span> <span class='ocrx_word' id='word_1_265' title='bbox 1852 2177 1902 2194; x_wconf 84' lang='lat' dir='ltr'>om.</span> <span class='ocrx_word' id='word_1_266' title='bbox 1923 2171 1985 2194; x_wconf 88' lang='lat' dir='ltr'>BD</span> 
     </span>
     <span class='ocr_line' id='line_1_21' title="bbox 44 2207 1985 2244; baseline 0.001 -9"><span class='ocrx_word' id='word_1_267' title='bbox 44 2227 50 2234; x_wconf 37' lang='lat' dir='ltr'><em>ff</em></span> <span class='ocrx_word' id='word_1_268' title='bbox 132 2225 164 2229; x_wconf 89' lang='lat'><strong>—</strong></span> <span class='ocrx_word' id='word_1_269' title='bbox 184 2209 210 2235; x_wconf 87' lang='grc'>8.</span> <span class='ocrx_word' id='word_1_270' title='bbox 229 2207 329 2244; x_wconf 83' lang='lat' dir='ltr'>classe]</span> <span class='ocrx_word' id='word_1_271' title='bbox 347 2210 398 2242; x_wconf 74' lang='lat' dir='ltr'>qui</span> <span class='ocrx_word' id='word_1_272' title='bbox 413 2210 569 2235; x_wconf 65' lang='lat' dir='ltr'>riconis-cta</span> <span class='ocrx_word' id='word_1_273' title='bbox 586 2210 611 2234; x_wconf 83' lang='grc' dir='ltr'><em>Α</em></span> <span class='ocrx_word' id='word_1_274' title='bbox 631 2210 695 2241; x_wconf 79' lang='lat' dir='ltr'>dopo</span> <span class='ocrx_word' id='word_1_275' title='bbox 713 2211 832 2234; x_wconf 69' lang='lat' dir='ltr'>:roncata</span> <span class='ocrx_word' id='word_1_276' title='bbox 849 2209 879 2234; x_wconf 82' lang='lat' dir='ltr'>Ia</span> <span class='ocrx_word' id='word_1_277' title='bbox 896 2209 1007 2241; x_wconf 73' lang='lat' dir='ltr'>epistola</span> <span class='ocrx_word' id='word_1_278' title='bbox 1023 2210 1193 2234; x_wconf 68' lang='lat' dir='ltr'>dedicatoria.</span> <span class='ocrx_word' id='word_1_279' title='bbox 1234 2209 1328 2240; x_wconf 63' lang='lat' dir='ltr'>Quarto</span> <span class='ocrx_word' id='word_1_280' title='bbox 1346 2210 1469 2242; x_wconf 71' lang='lat' dir='ltr'>capitolo,</span> <span class='ocrx_word' id='word_1_281' title='bbox 1492 2218 1561 2235; x_wconf 78' lang='lat' dir='ltr'>come</span> <span class='ocrx_word' id='word_1_282' title='bbox 1585 2210 1609 2234; x_wconf 80' lang='lat' dir='ltr'>il</span> <span class='ocrx_word' id='word_1_283' title='bbox 1627 2211 1763 2243; x_wconf 67' lang='lat' dir='ltr'>principio</span> <span class='ocrx_word' id='word_1_284' title='bbox 1786 2210 1830 2234; x_wconf 78' lang='lat' dir='ltr'>del</span> <span class='ocrx_word' id='word_1_285' title='bbox 1851 2214 1985 2244; x_wconf 72' lang='lat' dir='ltr'>scguente.</span> 
     </span>
     <span class='ocr_line' id='line_1_22' title="bbox 86 2251 1985 2286; baseline 0.001 -7.981"><span class='ocrx_word' id='word_1_286' title='bbox 86 2258 101 2286; x_wconf 79' lang='lat'>5</span> <span class='ocrx_word' id='word_1_287' title='bbox 131 2260 225 2278; x_wconf 71' lang='lat' dir='ltr'>manca</span> <span class='ocrx_word' id='word_1_288' title='bbox 242 2252 288 2276; x_wconf 78' lang='lat' dir='ltr'>del</span> <span class='ocrx_word' id='word_1_289' title='bbox 302 2255 372 2276; x_wconf 76' lang='lat' dir='ltr'>tutto</span> <span class='ocrx_word' id='word_1_290' title='bbox 390 2252 420 2276; x_wconf 71' lang='lat' dir='ltr'>in</span> <span class='ocrx_word' id='word_1_291' title='bbox 440 2253 470 2278; x_wconf 83' lang='lat' dir='ltr'>C.</span> <span class='ocrx_word' id='word_1_292' title='bbox 506 2252 574 2276; x_wconf 81' lang='lat' dir='ltr'>Noto</span> <span class='ocrx_word' id='word_1_293' title='bbox 592 2259 648 2276; x_wconf 71' lang='lat' dir='ltr'>una</span> <span class='ocrx_word' id='word_1_294' title='bbox 665 2251 735 2276; x_wconf 77' lang='lat' dir='ltr'>volta</span> <span class='ocrx_word' id='word_1_295' title='bbox 748 2254 800 2284; x_wconf 65' lang='lat' dir='ltr'>per</span> <span class='ocrx_word' id='word_1_296' title='bbox 817 2255 919 2284; x_wconf 65' lang='lat' dir='ltr'>sempre</span> <span class='ocrx_word' id='word_1_297' title='bbox 935 2252 982 2276; x_wconf 71' lang='lat' dir='ltr'>clu</span> <span class='ocrx_word' id='word_1_298' title='bbox 999 2252 1025 2276; x_wconf 88' lang='lat' dir='ltr'><em>B</em></span> <span class='ocrx_word' id='word_1_299' title='bbox 1040 2259 1054 2276; x_wconf 83' lang='lat' dir='ltr'>e</span> <span class='ocrx_word' id='word_1_300' title='bbox 1071 2252 1100 2276; x_wconf 90' lang='lat' dir='ltr'><em>D</em></span> <span class='ocrx_word' id='word_1_301' title='bbox 1113 2254 1273 2283; x_wconf 72' lang='lat' dir='ltr'>prem-tana</span> <span class='ocrx_word' id='word_1_302' title='bbox 1288 2251 1427 2283; x_wconf 74' lang='lat' dir='ltr'>frequenti</span> <span class='ocrx_word' id='word_1_303' title='bbox 1442 2253 1623 2284; x_wconf 65' lang='lat' dir='ltr'>trasposr&#39;zioni</span> <span class='ocrx_word' id='word_1_304' title='bbox 1640 2253 1671 2276; x_wconf 84' lang='lat' dir='ltr'>di</span> <span class='ocrx_word' id='word_1_305' title='bbox 1677 2253 1780 2284; x_wconf 76' lang='lat' dir='ltr'>parole,</span> <span class='ocrx_word' id='word_1_306' title='bbox 1792 2253 1838 2278; x_wconf 72' lang='lat' dir='ltr'>che</span> <span class='ocrx_word' id='word_1_307' title='bbox 1850 2254 1985 2280; x_wconf 69' lang='lat' dir='ltr'>indichera</span> 
     </span>
     <span class='ocr_line' id='line_1_23' title="bbox 50 2291 1983 2328; baseline 0.001 -8"><span class='ocrx_word' id='word_1_308' title='bbox 50 2291 53 2297; x_wconf 74' lang='grc'>’</span> <span class='ocrx_word' id='word_1_309' title='bbox 130 2295 242 2320; x_wconf 73' lang='lat' dir='ltr'>soleam</span> <span class='ocrx_word' id='word_1_310' title='bbox 260 2296 306 2319; x_wconf 73' lang='lat' dir='ltr'>nei</span> <span class='ocrx_word' id='word_1_311' title='bbox 322 2296 378 2320; x_wconf 64' lang='lat' dir='ltr'>eati</span> <span class='ocrx_word' id='word_1_312' title='bbox 390 2294 442 2327; x_wconf 61' lang='lat' dir='ltr'>pit?</span> <span class='ocrx_word' id='word_1_313' title='bbox 460 2295 570 2319; x_wconf 74' lang='lat' dir='ltr'>salienti</span> <span class='ocrx_word' id='word_1_314' title='bbox 587 2308 619 2312; x_wconf 90' lang='lat'>——</span> <span class='ocrx_word' id='word_1_315' title='bbox 639 2302 664 2327; x_wconf 81' lang='lat'>9.</span> <span class='ocrx_word' id='word_1_316' title='bbox 683 2294 736 2319; x_wconf 83' lang='lat' dir='ltr'>hac</span> <span class='ocrx_word' id='word_1_317' title='bbox 755 2295 783 2319; x_wconf 88' lang='lat' dir='ltr'><strong><em>P</em></strong></span> <span class='ocrx_word' id='word_1_318' title='bbox 799 2307 809 2312; x_wconf 95' lang='lat'><em>—</em></span> <span class='ocrx_word' id='word_1_319' title='bbox 827 2295 884 2319; x_wconf 82' lang='lat' dir='ltr'>sibi</span> <span class='ocrx_word' id='word_1_320' title='bbox 896 2302 945 2319; x_wconf 84' lang='lat' dir='ltr'>om.</span> <span class='ocrx_word' id='word_1_321' title='bbox 967 2295 1029 2319; x_wconf 88' lang='lat' dir='ltr'>BD</span> <span class='ocrx_word' id='word_1_322' title='bbox 1048 2308 1057 2313; x_wconf 95' lang='lat'><em>-</em></span> <span class='ocrx_word' id='word_1_323' title='bbox 1078 2292 1157 2328; x_wconf 82' lang='lat' dir='ltr'>fecit]</span> <span class='ocrx_word' id='word_1_324' title='bbox 1176 2295 1225 2319; x_wconf 69' lang='lat' dir='ltr'>cos)</span> <span class='ocrx_word' id='word_1_325' title='bbox 1244 2295 1269 2319; x_wconf 70' lang='lat' dir='ltr'><em>A</em></span> <span class='ocrx_word' id='word_1_326' title='bbox 1281 2296 1324 2323; x_wconf 84' lang='lat' dir='ltr'>P,-</span> <span class='ocrx_word' id='word_1_327' title='bbox 1342 2296 1438 2327; x_wconf 86' lang='lat' dir='ltr'>coepit</span> <span class='ocrx_word' id='word_1_328' title='bbox 1456 2295 1519 2320; x_wconf 90' lang='lat' dir='ltr'>BD</span> <span class='ocrx_word' id='word_1_329' title='bbox 1537 2309 1569 2314; x_wconf 91' lang='lat'>—-</span> <span class='ocrx_word' id='word_1_330' title='bbox 1586 2301 1625 2319; x_wconf 89' lang='lat'>10.</span> <span class='ocrx_word' id='word_1_331' title='bbox 1639 2295 1904 2321; x_wconf 74' lang='lat' dir='ltr'>habundantissima</span> <span class='ocrx_word' id='word_1_332' title='bbox 1919 2297 1983 2322; x_wconf 87' lang='lat' dir='ltr'>BD</span> 
     </span>
     <span class='ocr_line' id='line_1_24' title="bbox 132 2334 1981 2371; baseline 0.001 -9"><span class='ocrx_word' id='word_1_333' title='bbox 132 2351 164 2356; x_wconf 87' lang='lat'><em>-</em></span> <span class='ocrx_word' id='word_1_334' title='bbox 187 2344 226 2363; x_wconf 84' lang='lat'>11.</span> <span class='ocrx_word' id='word_1_335' title='bbox 245 2339 274 2362; x_wconf 83' lang='lat' dir='ltr'>et</span> <span class='ocrx_word' id='word_1_336' title='bbox 292 2334 475 2371; x_wconf 79' lang='lat' dir='ltr'>caeterarum]</span> <span class='ocrx_word' id='word_1_337' title='bbox 494 2338 534 2371; x_wconf 73' lang='lat'>1?;</span> <span class='ocrx_word' id='word_1_338' title='bbox 553 2344 704 2369; x_wconf 82' lang='lat' dir='ltr'>earumque</span> <span class='ocrx_word' id='word_1_339' title='bbox 724 2337 787 2362; x_wconf 89' lang='lat' dir='ltr'>BD</span> <span class='ocrx_word' id='word_1_340' title='bbox 805 2350 815 2355; x_wconf 99' lang='lat'>-</span> <span class='ocrx_word' id='word_1_341' title='bbox 835 2336 959 2371; x_wconf 79' lang='lat' dir='ltr'>pascuis]</span> <span class='ocrx_word' id='word_1_342' title='bbox 977 2338 1098 2370; x_wconf 80' lang='lat' dir='ltr'>piscinis</span> <span class='ocrx_word' id='word_1_343' title='bbox 1118 2338 1146 2362; x_wconf 91' lang='lat' dir='ltr'><em>P</em></span> <span class='ocrx_word' id='word_1_344' title='bbox 1162 2350 1195 2356; x_wconf 88' lang='lat'>—-</span> <span class='ocrx_word' id='word_1_345' title='bbox 1218 2343 1258 2362; x_wconf 82' lang='lat'>12.</span> <span class='ocrx_word' id='word_1_346' title='bbox 1278 2345 1328 2362; x_wconf 87' lang='lat' dir='ltr'>suo</span> <span class='ocrx_word' id='word_1_347' title='bbox 1347 2345 1397 2362; x_wconf 80' lang='lat' dir='ltr'>om.</span> <span class='ocrx_word' id='word_1_348' title='bbox 1417 2338 1513 2362; x_wconf 86' lang='lat' dir='ltr'>PBD</span> <span class='ocrx_word' id='word_1_349' title='bbox 1533 2351 1565 2356; x_wconf 97' lang='lat'><strong>—</strong></span> <span class='ocrx_word' id='word_1_350' title='bbox 1588 2344 1628 2370; x_wconf 84' lang='lat'>13.</span> <span class='ocrx_word' id='word_1_351' title='bbox 1647 2336 1822 2371; x_wconf 82' lang='lat' dir='ltr'>Ludovicus]</span> <span class='ocrx_word' id='word_1_352' title='bbox 1841 2338 1890 2363; x_wconf 73' lang='lat' dir='ltr'>cos-&#39;t</span> <span class='ocrx_word' id='word_1_353' title='bbox 1906 2339 1981 2369; x_wconf 73' lang='grc' dir='ltr'>ΑΡς</span> 
     </span>
     <span class='ocr_line' id='line_1_25' title="bbox 131 2377 1982 2416; baseline 0.001 -11"><span class='ocrx_word' id='word_1_354' title='bbox 131 2379 292 2406; x_wconf 81' lang='lat' dir='ltr'>Lodevlcus</span> <span class='ocrx_word' id='word_1_355' title='bbox 313 2380 376 2405; x_wconf 89' lang='lat' dir='ltr'>BD</span> <span class='ocrx_word' id='word_1_356' title='bbox 392 2393 426 2398; x_wconf 91' lang='lat'><strong>—</strong></span> <span class='ocrx_word' id='word_1_357' title='bbox 448 2387 488 2412; x_wconf 83' lang='lat'>14.</span> <span class='ocrx_word' id='word_1_358' title='bbox 510 2377 591 2416; x_wconf 80' lang='lat' dir='ltr'>fines]</span> <span class='ocrx_word' id='word_1_359' title='bbox 609 2379 686 2405; x_wconf 80' lang='lat' dir='ltr'>fores</span> <span class='ocrx_word' id='word_1_360' title='bbox 705 2381 734 2404; x_wconf 90' lang='lat' dir='ltr'><em>P</em></span> <span class='ocrx_word' id='word_1_361' title='bbox 750 2394 782 2398; x_wconf 85' lang='lat'>-</span> <span class='ocrx_word' id='word_1_362' title='bbox 804 2386 846 2412; x_wconf 83' lang='lat'>15.</span> <span class='ocrx_word' id='word_1_363' title='bbox 865 2378 892 2414; x_wconf 86' lang='lat' dir='ltr'>a]</span> <span class='ocrx_word' id='word_1_364' title='bbox 917 2380 968 2404; x_wconf 78' lang='lat' dir='ltr'>cosi</span> <span class='ocrx_word' id='word_1_365' title='bbox 991 2380 1066 2410; x_wconf 65' lang='lat' dir='ltr'>APg</span> <span class='ocrx_word' id='word_1_366' title='bbox 1091 2380 1125 2404; x_wconf 89' lang='lat' dir='ltr'>de</span> <span class='ocrx_word' id='word_1_367' title='bbox 1152 2380 1223 2405; x_wconf 90' lang='lat' dir='ltr'><em>BD.</em></span> <span class='ocrx_word' id='word_1_368' title='bbox 1261 2380 1297 2404; x_wconf 87' lang='lat' dir='ltr'>Le</span> <span class='ocrx_word' id='word_1_369' title='bbox 1321 2388 1456 2404; x_wconf 79' lang='lat' dir='ltr'>numerose</span> <span class='ocrx_word' id='word_1_370' title='bbox 1479 2381 1600 2404; x_wconf 73' lang='lat' dir='ltr'>varianti</span> <span class='ocrx_word' id='word_1_371' title='bbox 1622 2380 1735 2405; x_wconf 68' lang='lat' dir='ltr'>larciana</span> <span class='ocrx_word' id='word_1_372' title='bbox 1759 2382 1928 2405; x_wconf 79' lang='lat' dir='ltr'>intravedere</span> <span class='ocrx_word' id='word_1_373' title='bbox 1952 2383 1982 2406; x_wconf 82' lang='lat' dir='ltr'>in</span> 
     </span>
     <span class='ocr_line' id='line_1_26' title="bbox 130 2421 1980 2457; baseline 0.001 -10"><span class='ocrx_word' id='word_1_374' title='bbox 130 2422 208 2455; x_wconf 71' lang='lat' dir='ltr'>quali</span> <span class='ocrx_word' id='word_1_375' title='bbox 223 2424 316 2448; x_wconf 74' lang='lat' dir='ltr'>cottiae</span> <span class='ocrx_word' id='word_1_376' title='bbox 328 2423 477 2448; x_wconf 70' lang='lat' dir='ltr'>condiniani</span> <span class='ocrx_word' id='word_1_377' title='bbox 487 2423 708 2447; x_wconf 71' lang='lat' dir='ltr'>douvatrovarsi</span> <span class='ocrx_word' id='word_1_378' title='bbox 725 2422 753 2447; x_wconf 81' lang='lat' dir='ltr'>la</span> <span class='ocrx_word' id='word_1_379' title='bbox 768 2424 860 2454; x_wconf 70' lang='lat' dir='ltr'>prima</span> <span class='ocrx_word' id='word_1_380' title='bbox 875 2425 978 2456; x_wconf 64' lang='lat' dir='ltr'>pagina</span> <span class='ocrx_word' id='word_1_381' title='bbox 996 2422 1040 2447; x_wconf 80' lang='lat' dir='ltr'>del</span> <span class='ocrx_word' id='word_1_382' title='bbox 1055 2424 1120 2454; x_wconf 71' lang='lat' dir='ltr'>cod„</span> <span class='ocrx_word' id='word_1_383' title='bbox 1139 2424 1174 2447; x_wconf 83' lang='lat' dir='ltr'>da</span> <span class='ocrx_word' id='word_1_384' title='bbox 1192 2424 1238 2447; x_wconf 80' lang='lat' dir='ltr'>cui</span> <span class='ocrx_word' id='word_1_385' title='bbox 1254 2421 1346 2448; x_wconf 60' lang='lat' dir='ltr'>derum)</span> <span class='ocrx_word' id='word_1_386' title='bbox 1364 2424 1393 2448; x_wconf 86' lang='lat' dir='ltr'><em>P</em></span> <span class='ocrx_word' id='word_1_387' title='bbox 1409 2436 1420 2442; x_wconf 96' lang='lat'><em>-</em></span> <span class='ocrx_word' id='word_1_388' title='bbox 1439 2424 1497 2448; x_wconf 84' lang='lat' dir='ltr'>suis</span> <span class='ocrx_word' id='word_1_389' title='bbox 1517 2431 1564 2447; x_wconf 89' lang='lat' dir='ltr'>om.</span> <span class='ocrx_word' id='word_1_390' title='bbox 1582 2422 1606 2447; x_wconf 76' lang='lat' dir='ltr'><em>A</em></span> <span class='ocrx_word' id='word_1_391' title='bbox 1617 2424 1644 2448; x_wconf 85' lang='lat' dir='ltr'><em>P</em></span> <span class='ocrx_word' id='word_1_392' title='bbox 1655 2437 1663 2441; x_wconf 95' lang='lat'><em>-</em></span> <span class='ocrx_word' id='word_1_393' title='bbox 1677 2421 1780 2457; x_wconf 84' lang='lat' dir='ltr'>arcere]</span> <span class='ocrx_word' id='word_1_394' title='bbox 1799 2423 1851 2448; x_wconf 75' lang='lat' dir='ltr'>cosi</span> <span class='ocrx_word' id='word_1_395' title='bbox 1869 2425 1892 2448; x_wconf 73' lang='lat' dir='ltr'><em>A</em></span> <span class='ocrx_word' id='word_1_396' title='bbox 1903 2425 1980 2455; x_wconf 68' lang='lat'>81²3</span> 
     </span>
     <span class='ocr_line' id='line_1_27' title="bbox 43 2457 1493 2498; baseline -0.001 -7"><span class='ocrx_word' id='word_1_397' title='bbox 43 2457 101 2492; x_wconf 56' lang='grc' dir='ltr'>ζιο</span> <span class='ocrx_word' id='word_1_398' title='bbox 130 2468 256 2491; x_wconf 73' lang='lat' dir='ltr'>avertere</span> <span class='ocrx_word' id='word_1_399' title='bbox 274 2466 302 2490; x_wconf 91' lang='lat' dir='ltr'><em>D</em></span> <span class='ocrx_word' id='word_1_400' title='bbox 319 2479 352 2484; x_wconf 98' lang='lat'><strong>—</strong></span> <span class='ocrx_word' id='word_1_401' title='bbox 375 2463 416 2490; x_wconf 83' lang='lat'>16.</span> <span class='ocrx_word' id='word_1_402' title='bbox 435 2472 464 2490; x_wconf 79' lang='lat' dir='ltr'>se</span> <span class='ocrx_word' id='word_1_403' title='bbox 481 2472 564 2498; x_wconf 81' lang='lat' dir='ltr'>agere</span> <span class='ocrx_word' id='word_1_404' title='bbox 582 2473 598 2489; x_wconf 85' lang='lat' dir='ltr'>a</span> <span class='ocrx_word' id='word_1_405' title='bbox 617 2467 706 2496; x_wconf 76' lang='lat' dir='ltr'>questo</span> <span class='ocrx_word' id='word_1_406' title='bbox 721 2468 806 2497; x_wconf 68' lang='lat' dir='ltr'>punto</span> <span class='ocrx_word' id='word_1_407' title='bbox 824 2465 951 2490; x_wconf 63' lang='lat' dir='ltr'>camir-cia</span> <span class='ocrx_word' id='word_1_408' title='bbox 972 2466 994 2491; x_wconf 89' lang='lat' dir='ltr'>C</span> <span class='ocrx_word' id='word_1_409' title='bbox 1011 2478 1022 2484; x_wconf 86' lang='lat'>-</span> <span class='ocrx_word' id='word_1_410' title='bbox 1042 2465 1137 2490; x_wconf 87' lang='lat' dir='ltr'>varios</span> <span class='ocrx_word' id='word_1_411' title='bbox 1156 2473 1204 2490; x_wconf 86' lang='lat' dir='ltr'>om.</span> <span class='ocrx_word' id='word_1_412' title='bbox 1222 2466 1262 2494; x_wconf 80' lang='lat' dir='ltr'>A;</span> <span class='ocrx_word' id='word_1_413' title='bbox 1282 2466 1295 2489; x_wconf 78' lang='grc' dir='ltr'><strong><em>ἐ</em></strong></span> <span class='ocrx_word' id='word_1_414' title='bbox 1314 2467 1344 2489; x_wconf 75' lang='lat' dir='ltr'>in</span> <span class='ocrx_word' id='word_1_415' title='bbox 1362 2466 1424 2490; x_wconf 88' lang='lat' dir='ltr'><em>PB</em></span> <span class='ocrx_word' id='word_1_416' title='bbox 1436 2465 1459 2490; x_wconf 89' lang='lat' dir='ltr'><em>C</em></span> <span class='ocrx_word' id='word_1_417' title='bbox 1465 2466 1493 2490; x_wconf 92' lang='lat' dir='ltr'><em>D</em></span> 
     </span>
    </p>
   </div>
   <div class='ocr_carea' id='block_1_6' title="bbox 12 2566 1979 3023">
    <p class='ocr_par' dir='ltr' id='par_1_6' title="bbox 2 2566 1979 3023">
     <span class='ocr_line' id='line_1_28' title="bbox 215 2566 1978 2600; baseline 0.001 -8"><span class='ocrx_word' id='word_1_418' title='bbox 215 2566 223 2583; x_wconf 90' lang='lat'><strong>¹</strong></span> <span class='ocrx_word' id='word_1_419' title='bbox 244 2568 276 2593; x_wconf 88' lang='lat' dir='ltr'>In</span> <span class='ocrx_word' id='word_1_420' title='bbox 296 2569 396 2600; x_wconf 77' lang='lat' dir='ltr'>questo</span> <span class='ocrx_word' id='word_1_421' title='bbox 414 2575 428 2592; x_wconf 83' lang='lat' dir='ltr'>e</span> <span class='ocrx_word' id='word_1_422' title='bbox 443 2567 488 2592; x_wconf 89' lang='lat' dir='ltr'>nel</span> <span class='ocrx_word' id='word_1_423' title='bbox 503 2567 662 2593; x_wconf 82' lang='lat' dir='ltr'>successivo</span> <span class='ocrx_word' id='word_1_424' title='bbox 681 2568 811 2600; x_wconf 77' lang='lat' dir='ltr'>capitolo</span> <span class='ocrx_word' id='word_1_425' title='bbox 832 2568 852 2592; x_wconf 87' lang='lat' dir='ltr'>il</span> <span class='ocrx_word' id='word_1_426' title='bbox 872 2568 1025 2592; x_wconf 84' lang='lat' dir='ltr'>Malaterra</span> <span class='ocrx_word' id='word_1_427' title='bbox 1081 2567 1227 2599; x_wconf 74' lang='lat' dir='ltr'>Normand,</span> <span class='ocrx_word' id='word_1_428' title='bbox 1248 2575 1282 2592; x_wconf 86' lang='lat' dir='ltr'>ou</span> <span class='ocrx_word' id='word_1_429' title='bbox 1300 2568 1466 2593; x_wconf 73' lang='lat' dir='ltr'>Dictionaire</span> <span class='ocrx_word' id='word_1_430' title='bbox 1485 2568 1528 2592; x_wconf 80' lang='lat' dir='ltr'>des</span> <span class='ocrx_word' id='word_1_431' title='bbox 1551 2575 1677 2600; x_wconf 75' lang='lat' dir='ltr'>ouvrages</span> <span class='ocrx_word' id='word_1_432' title='bbox 1701 2567 1806 2598; x_wconf 73' lang='lat' dir='ltr'>relatiss</span> <span class='ocrx_word' id='word_1_433' title='bbox 1830 2569 1845 2592; x_wconf 70' lang='lat' dir='ltr'>a</span> <span class='ocrx_word' id='word_1_434' title='bbox 1864 2568 1891 2592; x_wconf 87' lang='lat' dir='ltr'>la</span> <span class='ocrx_word' id='word_1_435' title='bbox 1910 2569 1978 2593; x_wconf 83' lang='lat' dir='ltr'>Nor-</span> 
     </span>
     <span class='ocr_line' id='line_1_29' title="bbox 126 2610 1978 2644; baseline 0.001 -9"><span class='ocrx_word' id='word_1_436' title='bbox 126 2610 281 2644; x_wconf 79' lang='lat' dir='ltr'>tratteggla</span> <span class='ocrx_word' id='word_1_437' title='bbox 300 2610 478 2635; x_wconf 84' lang='lat' dir='ltr'>brevemente</span> <span class='ocrx_word' id='word_1_438' title='bbox 491 2610 519 2635; x_wconf 81' lang='lat' dir='ltr'>la</span> <span class='ocrx_word' id='word_1_439' title='bbox 532 2610 684 2643; x_wconf 83' lang='lat' dir='ltr'>poslzlone</span> <span class='ocrx_word' id='word_1_440' title='bbox 696 2610 853 2644; x_wconf 77' lang='lat' dir='ltr'>geograflca</span> <span class='ocrx_word' id='word_1_441' title='bbox 866 2610 943 2635; x_wconf 86' lang='lat' dir='ltr'>della</span> <span class='ocrx_word' id='word_1_442' title='bbox 956 2610 1025 2635; x_wconf 88' lang='lat' dir='ltr'>Nor·</span> <span class='ocrx_word' id='word_1_443' title='bbox 1079 2611 1199 2640; x_wconf 48' lang='lat' dir='ltr'>manlia</span> <span class='ocrx_word' id='word_1_444' title='bbox 1214 2617 1228 2635; x_wconf 88' lang='lat'>2</span> <span class='ocrx_word' id='word_1_445' title='bbox 1244 2611 1309 2640; x_wconf 68' lang='lat' dir='ltr'>vol..</span> <span class='ocrx_word' id='word_1_446' title='bbox 1323 2611 1431 2640; x_wconf 79' lang='lat' dir='ltr'>Rouen.</span> <span class='ocrx_word' id='word_1_447' title='bbox 1449 2610 1535 2642; x_wconf 78' lang='lat'>1858),</span> <span class='ocrx_word' id='word_1_448' title='bbox 1546 2611 1591 2635; x_wconf 88' lang='lat' dir='ltr'>nel</span> <span class='ocrx_word' id='word_1_449' title='bbox 1605 2610 1695 2642; x_wconf 84' lang='lat' dir='ltr'>quale,</span> <span class='ocrx_word' id='word_1_450' title='bbox 1710 2611 1827 2635; x_wconf 85' lang='lat' dir='ltr'>sebbene</span> <span class='ocrx_word' id='word_1_451' title='bbox 1841 2611 1978 2643; x_wconf 82' lang='lat' dir='ltr'>alquanto</span> 
     </span>
     <span class='ocr_line' id='line_1_30' title="bbox 126 2652 1977 2686; baseline -0.001 -8"><span class='ocrx_word' id='word_1_452' title='bbox 126 2652 251 2682; x_wconf 63' lang='lat' dir='ltr'>mandis.</span> <span class='ocrx_word' id='word_1_453' title='bbox 269 2660 284 2678; x_wconf 90' lang='lat' dir='ltr'>e</span> <span class='ocrx_word' id='word_1_454' title='bbox 304 2661 339 2678; x_wconf 84' lang='lat' dir='ltr'>ne</span> <span class='ocrx_word' id='word_1_455' title='bbox 356 2653 470 2678; x_wconf 75' lang='lat' dir='ltr'>r1corda</span> <span class='ocrx_word' id='word_1_456' title='bbox 489 2653 519 2678; x_wconf 81' lang='lat' dir='ltr'>dl</span> <span class='ocrx_word' id='word_1_457' title='bbox 539 2653 607 2677; x_wconf 89' lang='lat' dir='ltr'>volo</span> <span class='ocrx_word' id='word_1_458' title='bbox 627 2653 654 2678; x_wconf 88' lang='lat' dir='ltr'>le</span> <span class='ocrx_word' id='word_1_459' title='bbox 671 2653 762 2686; x_wconf 82' lang='lat' dir='ltr'>prime</span> <span class='ocrx_word' id='word_1_460' title='bbox 777 2653 894 2678; x_wconf 84' lang='lat' dir='ltr'>vicende</span> <span class='ocrx_word' id='word_1_461' title='bbox 910 2653 1024 2678; x_wconf 69' lang='lat' dir='ltr'>feudali.</span> <span class='ocrx_word' id='word_1_462' title='bbox 1080 2653 1273 2683; x_wconf 79' lang='lat' dir='ltr'>invecchiato,</span> <span class='ocrx_word' id='word_1_463' title='bbox 1298 2660 1424 2686; x_wconf 83' lang='lat' dir='ltr'>possono</span> <span class='ocrx_word' id='word_1_464' title='bbox 1437 2653 1564 2677; x_wconf 83' lang='lat' dir='ltr'>trovarsi</span> <span class='ocrx_word' id='word_1_465' title='bbox 1577 2652 1730 2677; x_wconf 81' lang='lat' dir='ltr'>esaurienti</span> <span class='ocrx_word' id='word_1_466' title='bbox 1746 2652 1923 2678; x_wconf 81' lang='lat' dir='ltr'>indicazioni</span> <span class='ocrx_word' id='word_1_467' title='bbox 1937 2654 1977 2678; x_wconf 81' lang='lat' dir='ltr'>bi-</span> 
     </span>
     <span class='ocr_line' id='line_1_31' title="bbox 39 2693 1977 2728; baseline 0.001 -8"><span class='ocrx_word' id='word_1_468' title='bbox 39 2723 40 2726; x_wconf 37' lang='lat'>,</span> <span class='ocrx_word' id='word_1_469' title='bbox 53 2717 56 2718; x_wconf 18' lang='grc' dir='ltr'><em>γ</em></span> <span class='ocrx_word' id='word_1_470' title='bbox 126 2693 361 2720; x_wconf 78' lang='lat' dir='ltr'>Evidentemente</span> <span class='ocrx_word' id='word_1_471' title='bbox 374 2695 431 2728; x_wconf 85' lang='lat' dir='ltr'>egli</span> <span class='ocrx_word' id='word_1_472' title='bbox 445 2702 504 2720; x_wconf 86' lang='lat' dir='ltr'>non</span> <span class='ocrx_word' id='word_1_473' title='bbox 518 2695 555 2720; x_wconf 87' lang='lat' dir='ltr'>ha</span> <span class='ocrx_word' id='word_1_474' title='bbox 567 2695 677 2720; x_wconf 78' lang='lat' dir='ltr'>attinto</span> <span class='ocrx_word' id='word_1_475' title='bbox 697 2695 732 2719; x_wconf 79' lang='lat' dir='ltr'>ad</span> <span class='ocrx_word' id='word_1_476' title='bbox 751 2695 854 2720; x_wconf 80' lang='lat' dir='ltr'>alcuna</span> <span class='ocrx_word' id='word_1_477' title='bbox 869 2695 948 2720; x_wconf 84' lang='lat' dir='ltr'>sonte</span> <span class='ocrx_word' id='word_1_478' title='bbox 967 2697 1024 2720; x_wconf 79' lang='lat' dir='ltr'>sto·</span> <span class='ocrx_word' id='word_1_479' title='bbox 1078 2695 1262 2727; x_wconf 84' lang='lat' dir='ltr'>bliografiche</span> <span class='ocrx_word' id='word_1_480' title='bbox 1281 2696 1355 2720; x_wconf 86' lang='lat' dir='ltr'>sulla</span> <span class='ocrx_word' id='word_1_481' title='bbox 1368 2696 1458 2720; x_wconf 83' lang='lat' dir='ltr'>storia</span> <span class='ocrx_word' id='word_1_482' title='bbox 1472 2695 1516 2720; x_wconf 84' lang='lat' dir='ltr'>dei</span> <span class='ocrx_word' id='word_1_483' title='bbox 1532 2695 1618 2728; x_wconf 85' lang='lat' dir='ltr'>primi</span> <span class='ocrx_word' id='word_1_484' title='bbox 1632 2695 1833 2720; x_wconf 81' lang='lat' dir='ltr'>stanziamentl</span> <span class='ocrx_word' id='word_1_485' title='bbox 1847 2695 1892 2720; x_wconf 83' lang='lat' dir='ltr'>dei</span> <span class='ocrx_word' id='word_1_486' title='bbox 1906 2696 1977 2721; x_wconf 86' lang='lat' dir='ltr'>Nor-</span> 
     </span>
     <span class='ocr_line' id='line_1_32' title="bbox 40 2730 1976 2771; baseline 0.001 -8"><span class='ocrx_word' id='word_1_487' title='bbox 40 2741 100 2771; x_wconf 59' lang='lat'>1¹5</span> <span class='ocrx_word' id='word_1_488' title='bbox 126 2737 200 2761; x_wconf 55' lang='grc' dir='ltr'>τίεις</span> <span class='ocrx_word' id='word_1_489' title='bbox 219 2743 291 2762; x_wconf 78' lang='lat' dir='ltr'>sono</span> <span class='ocrx_word' id='word_1_490' title='bbox 310 2736 487 2768; x_wconf 77' lang='lat' dir='ltr'>l’immagine</span> <span class='ocrx_word' id='word_1_491' title='bbox 505 2736 582 2761; x_wconf 89' lang='lat' dir='ltr'>della</span> <span class='ocrx_word' id='word_1_492' title='bbox 601 2737 695 2769; x_wconf 80' lang='lat' dir='ltr'>patria</span> <span class='ocrx_word' id='word_1_493' title='bbox 708 2736 826 2761; x_wconf 75' lang='lat' dir='ltr'>lontana</span> <span class='ocrx_word' id='word_1_494' title='bbox 845 2736 877 2761; x_wconf 89' lang='lat' dir='ltr'>ed</span> <span class='ocrx_word' id='word_1_495' title='bbox 892 2737 903 2761; x_wconf 79' lang='lat' dir='ltr'>i</span> <span class='ocrx_word' id='word_1_496' title='bbox 918 2737 1024 2762; x_wconf 80' lang='lat' dir='ltr'>ricordi</span> <span class='ocrx_word' id='word_1_497' title='bbox 1078 2739 1176 2762; x_wconf 82' lang='lat' dir='ltr'>manni</span> <span class='ocrx_word' id='word_1_498' title='bbox 1192 2739 1222 2762; x_wconf 92' lang='lat' dir='ltr'>in</span> <span class='ocrx_word' id='word_1_499' title='bbox 1236 2730 1365 2763; x_wconf 64' lang='lat' dir='ltr'>Francia.</span> <span class='ocrx_word' id='word_1_500' title='bbox 1385 2738 1518 2762; x_wconf 80' lang='lat' dir='ltr'>Esistono</span> <span class='ocrx_word' id='word_1_501' title='bbox 1533 2739 1580 2769; x_wconf 87' lang='lat' dir='ltr'>poi</span> <span class='ocrx_word' id='word_1_502' title='bbox 1595 2737 1706 2761; x_wconf 85' lang='lat' dir='ltr'>diverse</span> <span class='ocrx_word' id='word_1_503' title='bbox 1720 2738 1842 2762; x_wconf 80' lang='lat' dir='ltr'>raccolte</span> <span class='ocrx_word' id='word_1_504' title='bbox 1856 2738 1886 2762; x_wconf 81' lang='lat' dir='ltr'>dl</span> <span class='ocrx_word' id='word_1_505' title='bbox 1901 2739 1976 2764; x_wconf 72' lang='lat' dir='ltr'>font}</span> 
     </span>
     <span class='ocr_line' id='line_1_33' title="bbox 53 2778 1977 2815; baseline 0.002 -12"><span class='ocrx_word' id='word_1_506' title='bbox 53 2781 57 2783; x_wconf 63' lang='grc'><strong>“</strong></span> <span class='ocrx_word' id='word_1_507' title='bbox 127 2778 172 2804; x_wconf 85' lang='lat' dir='ltr'>del</span> <span class='ocrx_word' id='word_1_508' title='bbox 191 2786 243 2804; x_wconf 75' lang='lat' dir='ltr'>suo</span> <span class='ocrx_word' id='word_1_509' title='bbox 261 2780 376 2811; x_wconf 82' lang='lat' dir='ltr'>passato</span> <span class='ocrx_word' id='word_1_510' title='bbox 396 2778 447 2803; x_wconf 86' lang='lat' dir='ltr'>che</span> <span class='ocrx_word' id='word_1_511' title='bbox 465 2779 488 2803; x_wconf 84' lang='lat' dir='ltr'>si</span> <span class='ocrx_word' id='word_1_512' title='bbox 509 2785 582 2804; x_wconf 83' lang='lat' dir='ltr'>sono</span> <span class='ocrx_word' id='word_1_513' title='bbox 595 2780 850 2812; x_wconf 77' lang='lat' dir='ltr'>spontaneamente</span> <span class='ocrx_word' id='word_1_514' title='bbox 869 2780 1023 2811; x_wconf 78' lang='lat' dir='ltr'>presentati</span> <span class='ocrx_word' id='word_1_515' title='bbox 1079 2780 1204 2805; x_wconf 69' lang='lat' dir='ltr'>storIche</span> <span class='ocrx_word' id='word_1_516' title='bbox 1218 2787 1388 2805; x_wconf 83' lang='lat' dir='ltr'>normanne:</span> <span class='ocrx_word' id='word_1_517' title='bbox 1404 2780 1439 2804; x_wconf 86' lang='lat' dir='ltr'>da</span> <span class='ocrx_word' id='word_1_518' title='bbox 1457 2779 1553 2812; x_wconf 86' lang='lat' dir='ltr'>quella</span> <span class='ocrx_word' id='word_1_519' title='bbox 1572 2779 1602 2803; x_wconf 84' lang='lat' dir='ltr'>di</span> <span class='ocrx_word' id='word_1_520' title='bbox 1622 2780 1656 2804; x_wconf 84' lang='lat' dir='ltr'>A.</span> <span class='ocrx_word' id='word_1_521' title='bbox 1676 2779 1840 2804; x_wconf 70' lang='lat' dir='ltr'>Ducntcsm:</span> <span class='ocrx_word' id='word_1_522' title='bbox 1869 2779 1909 2813; x_wconf 80' lang='lat' dir='ltr'>(la</span> <span class='ocrx_word' id='word_1_523' title='bbox 1928 2781 1977 2815; x_wconf 72' lang='lat' dir='ltr'>piis</span> 
     </span>
     <span class='ocr_line' id='line_1_34' title="bbox 126 2820 1979 2855; baseline 0.001 -9"><span class='ocrx_word' id='word_1_524' title='bbox 126 2820 184 2846; x_wconf 70' lang='lat'>211⁸</span> <span class='ocrx_word' id='word_1_525' title='bbox 203 2821 340 2846; x_wconf 83' lang='lat' dir='ltr'>memoria</span> <span class='ocrx_word' id='word_1_526' title='bbox 359 2820 436 2845; x_wconf 86' lang='lat' dir='ltr'>dello</span> <span class='ocrx_word' id='word_1_527' title='bbox 455 2822 597 2849; x_wconf 73' lang='lat' dir='ltr'>scrittore,</span> <span class='ocrx_word' id='word_1_528' title='bbox 611 2821 655 2846; x_wconf 89' lang='lat' dir='ltr'>sul</span> <span class='ocrx_word' id='word_1_529' title='bbox 669 2822 761 2853; x_wconf 86' lang='lat' dir='ltr'>punto</span> <span class='ocrx_word' id='word_1_530' title='bbox 781 2821 810 2845; x_wconf 86' lang='lat' dir='ltr'>di</span> <span class='ocrx_word' id='word_1_531' title='bbox 831 2821 988 2855; x_wconf 81' lang='lat' dir='ltr'>accingersi</span> <span class='ocrx_word' id='word_1_532' title='bbox 1007 2829 1024 2846; x_wconf 83' lang='lat' dir='ltr'>a</span> <span class='ocrx_word' id='word_1_533' title='bbox 1077 2823 1190 2848; x_wconf 76' lang='lat' dir='ltr'>antica:</span> <span class='ocrx_word' id='word_1_534' title='bbox 1212 2821 1226 2848; x_wconf 77' lang='grc' dir='ltr'><strong>ὲ</strong></span> <span class='ocrx_word' id='word_1_535' title='bbox 1240 2823 1283 2847; x_wconf 89' lang='lat' dir='ltr'>del</span> <span class='ocrx_word' id='word_1_536' title='bbox 1302 2822 1379 2855; x_wconf 79' lang='lat'>1619)</span> <span class='ocrx_word' id='word_1_537' title='bbox 1393 2831 1406 2847; x_wconf 86' lang='lat' dir='ltr'>e</span> <span class='ocrx_word' id='word_1_538' title='bbox 1426 2823 1470 2847; x_wconf 89' lang='lat' dir='ltr'>del</span> <span class='ocrx_word' id='word_1_539' title='bbox 1491 2823 1640 2851; x_wconf 67' lang='lat' dir='ltr'>Bouqumr,</span> <span class='ocrx_word' id='word_1_540' title='bbox 1661 2822 1774 2847; x_wconf 76' lang='lat' dir='ltr'>Recueil</span> <span class='ocrx_word' id='word_1_541' title='bbox 1784 2823 1828 2846; x_wconf 73' lang='lat' dir='ltr'>des</span> <span class='ocrx_word' id='word_1_542' title='bbox 1839 2823 1979 2848; x_wconf 70' lang='lat' dir='ltr'>historiam</span> 
     </span>
     <span class='ocr_line' id='line_1_35' title="bbox 127 2861 1978 2898; baseline 0.001 -10"><span class='ocrx_word' id='word_1_543' title='bbox 127 2869 241 2888; x_wconf 72' lang='lat' dir='ltr'>narrare</span> <span class='ocrx_word' id='word_1_544' title='bbox 260 2862 286 2887; x_wconf 88' lang='lat' dir='ltr'>le</span> <span class='ocrx_word' id='word_1_545' title='bbox 304 2863 473 2896; x_wconf 75' lang='lat' dir='ltr'>prodlglose</span> <span class='ocrx_word' id='word_1_546' title='bbox 491 2863 612 2896; x_wconf 82' lang='lat' dir='ltr'>imprese</span> <span class='ocrx_word' id='word_1_547' title='bbox 631 2861 675 2887; x_wconf 78' lang='lat' dir='ltr'>dei</span> <span class='ocrx_word' id='word_1_548' title='bbox 691 2863 755 2887; x_wconf 87' lang='lat' dir='ltr'>suol</span> <span class='ocrx_word' id='word_1_549' title='bbox 767 2863 955 2895; x_wconf 70' lang='lat' dir='ltr'>compati-loti</span> <span class='ocrx_word' id='word_1_550' title='bbox 969 2863 1025 2888; x_wconf 88' lang='lat' dir='ltr'>nel·</span> <span class='ocrx_word' id='word_1_551' title='bbox 1077 2865 1109 2889; x_wconf 75' lang='lat' dir='ltr'>de</span> <span class='ocrx_word' id='word_1_552' title='bbox 1129 2865 1228 2890; x_wconf 68' lang='lat' dir='ltr'>Gentes</span> <span class='ocrx_word' id='word_1_553' title='bbox 1245 2868 1271 2889; x_wconf 83' lang='lat' dir='ltr'>et</span> <span class='ocrx_word' id='word_1_554' title='bbox 1288 2866 1319 2889; x_wconf 77' lang='lat' dir='ltr'>de</span> <span class='ocrx_word' id='word_1_555' title='bbox 1338 2865 1450 2893; x_wconf 79' lang='lat' dir='ltr'>France,</span> <span class='ocrx_word' id='word_1_556' title='bbox 1477 2871 1508 2896; x_wconf 85' lang='lat'>23</span> <span class='ocrx_word' id='word_1_557' title='bbox 1529 2864 1600 2892; x_wconf 83' lang='lat' dir='ltr'>vol.;</span> <span class='ocrx_word' id='word_1_558' title='bbox 1620 2864 1710 2892; x_wconf 78' lang='lat' dir='ltr'>Paris,</span> <span class='ocrx_word' id='word_1_559' title='bbox 1739 2863 1897 2898; x_wconf 84' lang='lat'>1738—1876‚</span> <span class='ocrx_word' id='word_1_560' title='bbox 1922 2866 1978 2890; x_wconf 78' lang='lat' dir='ltr'>alle</span> 
     </span>
     <span class='ocr_line' id='line_1_36' title="bbox 12 2903 1979 2940; baseline 0 -9"><span class='ocrx_word' id='word_1_561' title='bbox 12 2927 14 2931; x_wconf 91' lang='lat'>.</span> <span class='ocrx_word' id='word_1_562' title='bbox 39 2931 43 2935; x_wconf 70' lang='grc'>,</span> <span class='ocrx_word' id='word_1_563' title='bbox 127 2903 234 2930; x_wconf 68' lang='lat' dir='ltr'>vlt-11⁸</span> <span class='ocrx_word' id='word_1_564' title='bbox 253 2904 450 2930; x_wconf 73' lang='lat' dir='ltr'>merIdIonale.</span> <span class='ocrx_word' id='word_1_565' title='bbox 1078 2905 1129 2940; x_wconf 76' lang='lat' dir='ltr'>piix</span> <span class='ocrx_word' id='word_1_566' title='bbox 1148 2908 1254 2931; x_wconf 84' lang='lat' dir='ltr'>recenti</span> <span class='ocrx_word' id='word_1_567' title='bbox 1269 2907 1299 2931; x_wconf 80' lang='lat' dir='ltr'>di</span> <span class='ocrx_word' id='word_1_568' title='bbox 1313 2907 1342 2931; x_wconf 86' lang='lat' dir='ltr'>F.</span> <span class='ocrx_word' id='word_1_569' title='bbox 1357 2907 1474 2931; x_wconf 66' lang='lat' dir='ltr'>chuan</span> <span class='ocrx_word' id='word_1_570' title='bbox 1487 2913 1501 2929; x_wconf 85' lang='lat' dir='ltr'>e</span> <span class='ocrx_word' id='word_1_571' title='bbox 1520 2906 1550 2930; x_wconf 83' lang='lat' dir='ltr'>di</span> <span class='ocrx_word' id='word_1_572' title='bbox 1570 2906 1603 2930; x_wconf 89' lang='lat' dir='ltr'>A.</span> <span class='ocrx_word' id='word_1_573' title='bbox 1624 2904 1775 2935; x_wconf 68' lang='lat' dir='ltr'>Cmtnvan,</span> <span class='ocrx_word' id='word_1_574' title='bbox 1793 2905 1979 2931; x_wconf 76' lang='lat' dir='ltr'>Normanm&#39;aae</span> 
     </span>
     <span class='ocr_line' id='line_1_37' title="bbox 31 2947 1552 2980; baseline -0.001 -7.019"><span class='ocrx_word' id='word_1_575' title='bbox 31 2950 52 2973; x_wconf 54' lang='grc' dir='ltr'>’ς</span> <span class='ocrx_word' id='word_1_576' title='bbox 67 2954 103 2975; x_wconf 66' lang='grc' dir='ltr'>ιο</span> <span class='ocrx_word' id='word_1_577' title='bbox 214 2947 267 2972; x_wconf 89' lang='lat' dir='ltr'>Per</span> <span class='ocrx_word' id='word_1_578' title='bbox 281 2948 307 2973; x_wconf 84' lang='lat' dir='ltr'>le</span> <span class='ocrx_word' id='word_1_579' title='bbox 319 2948 410 2980; x_wconf 84' lang='lat' dir='ltr'>poche</span> <span class='ocrx_word' id='word_1_580' title='bbox 422 2947 530 2973; x_wconf 78' lang='lat' dir='ltr'>notizie</span> <span class='ocrx_word' id='word_1_581' title='bbox 544 2947 609 2972; x_wconf 80' lang='lat' dir='ltr'>date</span> <span class='ocrx_word' id='word_1_582' title='bbox 622 2948 668 2972; x_wconf 70' lang='lat' dir='ltr'>dal</span> <span class='ocrx_word' id='word_1_583' title='bbox 683 2948 818 2978; x_wconf 73' lang='lat' dir='ltr'>cronistn,</span> <span class='ocrx_word' id='word_1_584' title='bbox 832 2949 1023 2974; x_wconf 77' lang='lat' dir='ltr'>rlmandlamo</span> <span class='ocrx_word' id='word_1_585' title='bbox 1077 2956 1143 2973; x_wconf 76' lang='lat' dir='ltr'>nova</span> <span class='ocrx_word' id='word_1_586' title='bbox 1165 2948 1304 2976; x_wconf 71' lang='lat' dir='ltr'>Chronica.</span> <span class='ocrx_word' id='word_1_587' title='bbox 1324 2948 1456 2978; x_wconf 85' lang='lat' dir='ltr'>Cadomi,</span> <span class='ocrx_word' id='word_1_588' title='bbox 1478 2948 1552 2978; x_wconf 84' lang='lat'>1850.</span> 
     </span>
     <span class='ocr_line' id='line_1_38' title="bbox 128 2982 1955 3023; baseline 0.001 -9"><span class='ocrx_word' id='word_1_589' title='bbox 128 2988 149 3014; x_wconf 86' lang='lat' dir='ltr'>Il</span> <span class='ocrx_word' id='word_1_590' title='bbox 162 2989 265 3015; x_wconf 77' lang='lat' dir='ltr'>lettere</span> <span class='ocrx_word' id='word_1_591' title='bbox 278 2990 304 3014; x_wconf 77' lang='lat' dir='ltr'>al</span> <span class='ocrx_word' id='word_1_592' title='bbox 315 2989 487 3015; x_wconf 73' lang='lat' dir='ltr'>Dlzlonarlo</span> <span class='ocrx_word' id='word_1_593' title='bbox 499 2989 545 3015; x_wconf 86' lang='lat' dir='ltr'>del</span> <span class='ocrx_word' id='word_1_594' title='bbox 559 2988 661 3014; x_wconf 68' lang='grc' dir='ltr'><strong>Γκὲκκ</strong></span> <span class='ocrx_word' id='word_1_595' title='bbox 674 2988 798 3023; x_wconf 69' lang='lat' dir='ltr'>(Mami</span> <span class='ocrx_word' id='word_1_596' title='bbox 807 2990 846 3015; x_wconf 70' lang='lat' dir='ltr'>du</span> <span class='ocrx_word' id='word_1_597' title='bbox 857 2987 1024 3022; x_wconf 74' lang='lat' dir='ltr'>Bibliogr‘ase</span> <span class='ocrx_word' id='word_1_598' title='bbox 1166 2989 1177 3006; x_wconf 83' lang='lat'><em>²</em></span> <span class='ocrx_word' id='word_1_599' title='bbox 1197 2982 1218 3015; x_wconf 69' lang='lat' dir='ltr'>E</span> <span class='ocrx_word' id='word_1_600' title='bbox 1238 2990 1325 3016; x_wconf 84' lang='lat' dir='ltr'>Carlo</span> <span class='ocrx_word' id='word_1_601' title='bbox 1346 2991 1384 3015; x_wconf 92' lang='lat'>111</span> <span class='ocrx_word' id='word_1_602' title='bbox 1402 2990 1426 3014; x_wconf 85' lang='lat' dir='ltr'>il</span> <span class='ocrx_word' id='word_1_603' title='bbox 1443 2989 1584 3021; x_wconf 69' lang='lat' dir='ltr'>Semplice:</span> <span class='ocrx_word' id='word_1_604' title='bbox 1606 2990 1626 3014; x_wconf 91' lang='lat' dir='ltr'>il</span> <span class='ocrx_word' id='word_1_605' title='bbox 1647 2989 1685 3023; x_wconf 81' lang='lat' dir='ltr'>M.</span> <span class='ocrx_word' id='word_1_606' title='bbox 1706 2989 1855 3015; x_wconf 78' lang='lat' dir='ltr'>ricordava</span> <span class='ocrx_word' id='word_1_607' title='bbox 1875 2990 1955 3015; x_wconf 77' lang='lat' dir='ltr'>male.</span> 
     </span>
    </p>
   </div>
   <div class='ocr_carea' id='block_1_7' title="bbox 2047 989 2178 1041">
    <p class='ocr_par' dir='ltr' id='par_1_7' title="bbox 2047 989 2178 1041">
     <span class='ocr_line' id='line_1_39' title="bbox 2065 989 2159 1013; baseline -0.011 -4"><span class='ocrx_word' id='word_1_608' title='bbox 2065 989 2095 1011; x_wconf 86' lang='lat' dir='ltr'>D.</span> <span class='ocrx_word' id='word_1_609' title='bbox 2109 989 2159 1013; x_wconf 72' lang='lat'>8911</span> 
     </span>
     <span class='ocr_line' id='line_1_40' title="bbox 2047 1015 2178 1041; baseline 0 0"><span class='ocrx_word' id='word_1_610' title='bbox 2047 1015 2123 1040; x_wconf 54' lang='lat' dir='ltr'>Mum,</span> <span class='ocrx_word' id='word_1_611' title='bbox 2139 1022 2178 1041; x_wconf 76' lang='grc'>549</span> 
     </span>
    </p>
   </div>
   <div class='ocr_carea' id='block_1_8' title="bbox 2060 1183 2139 1206">
    <p class='ocr_par' dir='ltr' id='par_1_8' title="bbox 2060 1183 2139 1206">
     <span class='ocr_line' id='line_1_41' title="bbox 2060 1183 2139 1206; baseline 0.013 -4"><span class='ocrx_word' id='word_1_612' title='bbox 2060 1183 2139 1206; x_wconf 81' lang='lat' dir='ltr'>B,1r</span> 
     </span>
    </p>
   </div>
   <div class='ocr_carea' id='block_1_9' title="bbox 2060 1985 2135 2007">
    <p class='ocr_par' dir='ltr' id='par_1_9' title="bbox 2060 1985 2135 2007">
     <span class='ocr_line' id='line_1_42' title="bbox 2060 1985 2135 2007; baseline 0 -2"><span class='ocrx_word' id='word_1_613' title='bbox 2060 1985 2135 2007; x_wconf 81' lang='lat' dir='ltr'>C.1r</span> 
     </span>
    </p>
   </div>
   <div class='ocr_carea' id='block_1_10' title="bbox 2006 2700 2038 2727">
    <p class='ocr_par' dir='ltr' id='par_1_10' title="bbox 2006 2700 2038 2727">
     <span class='ocr_line' id='line_1_43' title="bbox 2006 2700 2038 2727; baseline 0 0"><span class='ocrx_word' id='word_1_614' title='bbox 2006 2700 2038 2727; x_wconf 83' lang='lat'>25</span> 
     </span>
    </p>
   </div>
   <div class='ocr_carea' id='block_1_11' title="bbox 2006 2913 2040 2939">
    <p class='ocr_par' dir='ltr' id='par_1_11' title="bbox 2006 2913 2040 2939">
     <span class='ocr_line' id='line_1_44' title="bbox 2006 2913 2040 2939; baseline 0 -8"><span class='ocrx_word' id='word_1_615' title='bbox 2006 2913 2040 2939; x_wconf 82' lang='lat'>30</span> 
     </span>
    </p>
   </div>
  </div>
 </body>
</html>
