2320 3424
106 238 158 273 [A.
178 237 272 272 10⁶1]
481 232 552 267 DE
578 230 747 267 REBUS
777 230 953 266 GESTIS
982 228 1200 265 ROGERII
1229 227 1439 265 COMITIS
1466 227 1581 263 ETC.
1904 226 1948 261 31

107 363 234 387 nomen
255 354 293 386 in
315 352 444 386 damno
468 353 616 386 hostium
639 353 849 396 acquireret,
872 358 1039 385 tentatum
1063 351 1147 384 ibat.
1192 351 1318 384 Comes
1334 361 1418 384 vero
1435 350 1619 395 Rogerius,
1635 349 1788 392 inermis,
1812 354 1959 392 excepto

109 406 233 451 clypeo
249 406 324 438 solo
347 411 382 439 et
406 416 487 439 ense
510 417 580 450 quo
603 407 779 439 accinctus
803 411 877 439 erat
900 424 942 429 —-
958 405 1106 449 armiger
1122 414 1269 447 namque
1285 415 1363 437 cum
1380 403 1482 437 armis
1498 403 1771 446 subsequebatur
1789 421 1826 426 -—-
1845 403 1959 435 socios

108 459 354 502 praecedebat,
386 459 506 492 oculos
535 459 763 492 intentissime
795 459 1065 502 circumquaque
1097 458 1239 491 ducens.
1291 458 1451 500 Dumque
1482 457 1578 489 illum
1611 455 1863 488 ad'ventantem
1894 455 1958 488 sub
2024 466 2099 490 Mun„
2115 467 2151 491 5⁶1

17 551 19 553 ,
106 513 238 556 pallore
262 512 363 544 lunae
387 511 685 555 deprehendisset,
706 513 912 557 perlongum
936 512 1069 544 ducens
1091 511 1135 544 ab
1151 511 1321 555 armigero
1338 522 1433 544 arma
1448 511 1618 553 recipere,
1633 521 1677 542 ne
1693 510 1794 549 forte,
1811 510 1840 542 si
1857 510 1959 542 etiam

2 557 18 584 ’ἒ
65 566 83 599 5
107 566 165 599 ille
188 565 253 598 sub
274 566 396 598 umbra
417 566 556 604 viseret,
580 565 787 610 'aufugeret,
810 566 941 608 impetu
966 566 1072 604 facto,
1095 565 1169 598 solo
1194 574 1275 597 ense
1302 575 1406 607 super
1437 574 1514 596 eum
1545 564 1689 604 irruens,
1719 573 1857 606 unoque
1886 564 1959 596 ictu
2036 574 2060 597 c,
2076 579 2121 593 ω-

107 619 258 653 medium
283 619 486 662 corripiens,
508 620 654 652 secavit:
681 620 725 652 de
749 629 909 661 corpore,
932 619 1066 652 duabus
1088 619 1244 662 partibus
1266 618 1378 656 factis,
1404 628 1598 661 equumque
1623 623 1657 650 et
1678 617 1791 660 spolia
1822 616 1959 650 cuidam

107 682 246 706 suorum
270 672 379 705 dedit.
425 672 511 704 Inde
536 671 726 705 Melacium
750 679 785 704 et
807 672 1013 705 Ramectam
1036 681 1146 715 usque
1168 671 1416 714 pertransiens,
1432 671 1616 713 plurimum
1634 670 1784 712 praedae
1800 676 1959 712 accepto,

107 726 154 758 ad
176 731 246 758 tres
267 725 366 758 lacus
387 726 487 770 juxta
510 727 646 764 Farum,
662 725 721 768 qui
738 725 871 758 Praroli
895 725 1070 764 dicuntur,
1098 725 1330 766 hospitaturus
1346 723 1450 756 rediit
1463 725 1472 742 ¹
1482 736 1491 762 ς
1509 724 1544 756 in
1560 724 1747 756 crastinum
1764 723 1808 755 ad
1825 723 1960 756 ultimas

107 789 214 823 aquas
236 789 345 822 usque
368 778 607 822 progrediens,
629 779 808 821 praedam,
832 789 935 821 quam
960 783 1154 820 acceperat,
1178 777 1330 820 Regium
1356 777 1585 809 deferendam
1609 777 1755 810 navibus
1778 777 1900 819 posuit.

7 882 17 904 3
47 885 86 919 10
197 885 241 918 V.
266 904 307 908 —
331 885 440 919 Porro
463 885 705 918 Messanenses
727 891 900 928 putantes,
924 884 1130 927 quibusdam
1151 884 1220 927 jam
1244 894 1352 916 naves
1374 883 1547 927 ingressis,
1572 894 1608 916 se
1638 884 1719 916 illos
1741 885 1838 927 quasi
1861 885 1960 917 semi-

12 929 19 938 :
107 939 251 982 partitos
273 939 412 972 facilius
434 949 535 981 posse
559 949 743 981 occupare,
766 937 922 981 equitatu
945 944 979 970 et
1002 937 1170 980 peditatu,
1187 947 1305 970 omnes
1321 937 1364 969 ab
1379 936 1465 969 urbe
1482 937 1621 980 egressi,
1638 937 1803 970 invadere
1820 938 1960 971 vadunt.

107 991 249 1030 Verum,
273 993 354 1036 quia
376 998 500 1025 ventus
524 992 716 1025 contrarius
739 997 824 1030 erat,
848 991 961 1023 nullus
984 996 1190 1023 armatorum
1213 1001 1321 1022 naves
1336 991 1537 1023 intraverat.
1583 990 1707 1023 Comes
1723 1002 1816 1030 vero,
1832 1002 1962 1035 cogno-

107 1056 209 1079 scens
231 1057 291 1079 eos
313 1056 433 1079 versus
455 1056 492 1078 se
517 1046 718 1083 adventare,
742 1043 934 1082 Serlonem,
958 1050 1120 1086 nepotem
1142 1054 1250 1082 suum,
1274 1043 1440 1076 videlicet
1465 1043 1620 1076 Serlonis
1635 1044 1754 1077 fratris
1769 1045 1820 1077 sui
1843 1045 1961 1082 filium,

5 1135 7 1138 ,
110 1099 207 1132 cuius
228 1100 387 1143 superius
408 1099 444 1131 in
466 1099 534 1131 fine
558 1098 663 1141 primi
686 1097 782 1131 Libri
805 1097 1015 1130 mentionem
1037 1096 1196 1136 fecimus,
1219 1106 1264 1129 ne
1287 1097 1317 1128 si
1333 1097 1466 1140 fugere,
1482 1097 1572 1130 sicut
1586 1102 1620 1130 et
1636 1098 1806 1136 fecerunt,
1822 1098 1960 1137 vellent,

4 1166 6 1171 ·
47 1152 85 1185 15
110 1152 249 1186 liberius
271 1157 423 1195 possent,
448 1152 499 1185 sic
522 1151 758 1194 praemissum,
776 1150 850 1193 ipse
867 1149 1024 1183 velocius
1039 1150 1242 1183 subsecutus
1265 1149 1361 1182 'dum
1378 1150 1501 1193 fugere
1518 1150 1684 1190 nituntur,
1701 1151 1749 1184 ita
1765 1151 1962 1194 intercepit,
2039 1163 2069 1185 l),
2086 1168 2146 1183 ,σον

109 1211 147 1238 ut
170 1206 228 1238 vix
251 1216 293 1238 ex
317 1211 413 1238 tanta
436 1204 657 1237 multitudine
680 1214 769 1236 unus
793 1203 951 1236 evaserit.

198 1312 259 1346 VI.
283 1330 325 1335 —-
349 1311 630 1345 Messanensibus
653 1321 790 1344 suorum
813 1312 937 1343 funera
961 1310 1133 1348 flentibus,
1151 1320 1267 1343 comes
1282 1321 1389 1353 penes
1406 1311 1582 1344 civitatem
1600 1312 1782 1351 transiens,
1798 1313 1834 1344 in
1851 1313 1960 1345 insula

110 1365 228 1399 Sancti
258 1365 411 1410 Jacynti‚
434 1365 528 1397 haud
550 1365 655 1408 longe
679 1363 723 1396 ab
745 1363 830 1397 urbe
854 1364 1066 1407 hospitatum
1090 1364 1201 1401 vadit;
1224 1374 1424 1407 summoque
1449 1364 1604 1397 diluculo
1627 1365 1834 1406 Messanam,
1865 1366 1963 1409 quasi

85 1417 89 1422 ’
110 1418 242 1452 viribus
265 1419 477 1458 exhaustam,
500 1428 703 1462 oppugnare
725 1417 823 1451 vadit
834 1417 856 1450 ¹.
904 1417 976 1450 Sed
1002 1417 1294 1457 Messanensibus,
1325 1418 1483 1461 quamvis
1506 1419 1637 1461 paucis,
1668 1419 1728 1462 qui
1760 1419 1875 1451 adhuc
1906 1430 1962 1451 su-

2 1465 11 1495 3
44 1473 88 1506 20
110 1479 284 1516 pererant,
307 1483 386 1505 cum
408 1472 492 1515 ipsis
515 1472 720 1505 mulieribus
745 1472 885 1504 armatis
911 1477 1023 1504 turres
1046 1477 1082 1503 et
1104 1472 1367 1515 propugnacula
1390 1482 1535 1514 seseque
1559 1473 1715 1505 certatim
1746 1479 1784 1505 ut
1806 1484 1869 1515 pro
1893 1474 1964 1505 vita

13 1526 17 1533 '
113 1525 394 1565 defendentibus,
418 1536 545 1564 comes,
567 1536 612 1558 ne
629 1524 761 1564 Sicilia,
777 1525 837 1558 tali
852 1525 948 1558 facto
964 1525 1123 1564 excitata,
1146 1535 1250 1567 super
1274 1535 1351 1556 eum
1375 1525 1494 1564 irruat,
1510 1526 1556 1558 ad
1571 1526 1720 1558 tentoria
1735 1536 1793 1559 sua
1811 1526 1963 1564 rediens,

113 1579 159 1612 de
181 1580 328 1612 transitu
349 1589 469 1611 versus
492 1578 644 1623 Regium
667 1585 818 1612 tractare
841 1579 968 1621 coepit.
1014 1578 1114 1611 Mare
1138 1588 1224 1611 vero
1246 1578 1422 1611 turbatum
1438 1589 1516 1610 cum
1532 1579 1766 1621 periculosum
1782 1580 1962 1612 transitum

112 1631 334 1671 obstentaren
359 1643 486 1671 comes,
511 1632 657 1675 sapienti
681 1643 762 1664 usus
785 1632 939 1671 consilio,
963 1637 1070 1664 totam
1101 1633 1279 1674 praedam,
1310 1643 1413 1675 quarn
1445 1638 1596 1674 ceperat,
1624 1638 1744 1665 sancto
1768 1632 1964 1670 Andronio,

11 1721 17 1730 .
113 1686 160 1720 ad
181 1685 366 1719 ecclesiam
388 1696 484 1718 suam
508 1686 812 1726 reaedificandam,
833 1686 933 1730 juxta
950 1685 1098 1729 Regium
1115 1685 1268 1718 dandam
1283 1692 1526 1728 proposuerat:
1544 1686 1720 1719 destructa
1737 1686 1865 1729 quippe
1890 1693 1964 1719 erat

3 1754 14 1772 ,ν
47 1737 90 1772 25
113 1739 260 1773 noviter.
307 1739 435 1782 Sicque
459 1739 588 1772 meritis
612 1739 767 1772 eiusdem
791 1738 925 1777 Sancti,
948 1744 987 1771 ut
1010 1739 1194 1776 credimus,
1222 1749 1305 1771 aura
1335 1749 1504 1782 prospere
1534 1739 1649 1778 fiante,
1681 1750 1774 1772 mare
1807 1740 1964 1772 sedatum

21 1792 23 1794 ’
113 1803 188 1826 sese
210 1791 455 1826 transmeabile
479 1792 661 1835 praebens,
683 1792 824 1836 impune
848 1792 994 1825 transire
1017 1792 1184 1835 permisit.

201 1899 280 1933 VII.
305 1918 345 1923 -
368 1899 424 1932 Ne
447 1899 607 1932 videatur
629 1900 698 1932 hoc
721 1899 864 1938 factum,
887 1900 983 1943 quod
1005 1900 1172 1942 praedam
1194 1900 1270 1933 Deo
1302 1900 1514 1939 obtulerunt,
1546 1901 1757 1933 contrarium
1788 1902 1966 1934 canonicis

114 1952 359 1992 sanctionibus,
382 1959 527 1997 propter
549 1953 636 1986 illud
659 1954 755 1996 quod
778 1952 926 1986 dicitur:
951 1953 1028 1996 ,Qui
1047 1954 1200 1986 immolat
1222 1954 1395 1987 victimam
1418 1965 1460 1987 ex
1480 1955 1608 1998 rapina
1630 1956 1687 1988 vel
1711 1966 1752 1987 ex
1779 1955 1967 1988 substantia

19 2043 22 2046 ,
114 2007 292 2051 pauperis,
315 2007 415 2051 quasi
433 2007 494 2051 qui
513 2006 669 2039 victimat
678 2007 796 2050 filium
819 2007 855 2039 in
877 2010 1032 2051 cospectu
1056 2008 1181 2051 patris,
1205 2018 1281 2040 cum
1306 2008 1374 2041 hoc
1405 2008 1617 2050 potissimum
1649 2009 1893 2051 accipiendum
1924 2009 1967 2040 sit

2 2063 3 2066 ’
20 2068 23 2070 ’
50 2061 93 2093 30
116 2060 247 2094 dictum
271 2061 316 2094 de
339 2059 529 2093 substantia
552 2070 740 2103 pauperum
766 2059 904 2099 Christi,
920 2060 965 2093 de
981 2059 1107 2104 quibus
1123 2067 1157 2094 et
1173 2061 1258 2094 alibi
1275 2061 1405 2095 dictum
1423 2067 1491 2094 est:
1507 2061 1613 2094 Beate·
1625 2065 1798 2106 pauperes
1812 2061 1965 2106 spiritu,'

18 2111 27 2123 '²
115 2114 273 2158 quoniam
295 2114 449 2158 ipsorum
472 2118 521 2146 est
543 2113 707 2157 Regnum
730 2114 907 2156 coelorum,
932 2124 1002 2147 non
1026 2124 1100 2147 esse
1124 2114 1309 2148 absurdum
1333 2115 1472 2155 scimus,
1496 2116 1556 2158 qui
1579 2115 1691 2147 Deum
1714 2125 1780 2147 nec
1804 2126 1864 2148 ore
1881 2114 1965 2148 'nec
2042 2115 2069 2147 ⁸:
2086 2121 2119 2139 ⁹⁷

115 2168 223 2202 corde
247 2168 463 2200 confitentur.
510 2167 580 2201 Sed
603 2167 697 2210 quod
720 2167 888 2205 aufertur,
911 2165 992 2200 Deo*
1018 2168 1147 2201 offerre
1178 2168 1273 2202 haud
1304 2168 1489 2202 absurdum
1519 2169 1670 2207 videtur,
1700 2179 1779 2201 nam
1810 2169 1964 2211 acceptis
2064 2156 2069 2165 ’

115 2219 260 2265 ingratis
281 2226 432 2259 utuntur,
455 2231 476 2254 a
498 2219 624 2264 quibus
646 2221 720 2263 ipse
744 2220 889 2264 largitor
911 2230 982 2254 non
1004 2221 1280 2265 recognoscitur.

4 2363 20 2374 U
203 2326 299 2360 vm,
327 2345 361 2351 ——
387 2325 512 2360 Comes
533 2326 642 2370 igitur
663 2327 848 2371 Rogerius,
871 2333 943 2361 toto
966 2337 1084 2360 mense
1106 2328 1232 2361 martio
1244 2334 1279 2361 et
1294 2328 1397 2371 aprili
1410 2339 1475 2372 per
1490 2328 1688 2362 Calabriam
1703 2329 1869 2363 utilitates
1884 2341 1967 2373 pru-
2006 2339 2009 2342 ⁴

51 2380 92 2415 35
117 2381 241 2414 denter
262 2379 439 2421 ordinans,
462 2379 608 2413 navibus
632 2386 666 2413 et
687 2380 829 2424 reliquis
852 2381 1056 2414 necessariis
1080 2381 1326 2415 commeatibus
1349 2383 1606 2425 expeditionem
1628 2383 1751 2416 iterum
1775 2393 1893 2416 versus
1909 2382 1965 2416 Si-

207 2525 231 2544 2.
250 2521 361 2544 cinctus
382 2520 447 2544 BD
466 2533 499 2537 —
517 2526 543 2552 3.
562 2518 775 2553 adventantem]
793 2521 990 2546 advenientem
1012 2522 1056 2550 D;
1076 2528 1125 2546 om.
1144 2522 1170 2545 B
1189 2534 1221 2539 —
1241 2530 1266 2554 4.
1286 2520 1420 2556 recipere]
1439 2524 1588 2555 expectare
1606 2523 1671 2547 BD
1690 2537 1721 2540 —
1736 2522 1760 2547 6.
1775 2523 1867 2547 medio
1880 2523 1945 2547 BJ)
1959 2536 1967 2541 -

120 2561 282 2594 duabusque
299 2562 365 2586 BD
382 2575 392 2580 -
409 2559 534 2595 cuidam]
554 2563 604 2586 uni
618 2562 682 2586 BD
695 2575 727 2580 -
748 2568 772 2593 7.
786 2561 933 2587 Rametam
945 2562 989 2593 ὓς
1002 2562 1143 2587 Rimetam
1161 2563 1184 2587 C
1194 2577 1228 2581 —
1242 2562 1266 2588 8.
1278 2562 1367 2598 lacus]
1381 2565 1463 2589 batus
1476 2565 1501 2588 Ρ
1511 2564 1545 2595 C3
1561 2565 1648 2589 latera
1662 2566 1692 2589 D
1705 2577 1713 2582 -
1727 2562 1852 2598 Praroli]
1867 2563 1967 2589 Caroli

120 2604 149 2628 P
164 2615 175 2622 -
195 2602 324 2636 ultimas]
345 2603 440 2628 dulces
458 2604 524 2629 BD
542 2619 574 2623 —
593 2611 618 2637 9.
639 2604 774 2637 prodiens
793 2605 853 2629 ΡΟ
870 2618 879 2623 -
898 2605 1018 2637 praeda.
1031 2624 1036 2629 .
1049 2624 1071 2629 ..
1091 2605 1244 2630 deserenda
1263 2606 1383 2631 navibus
1402 2606 1453 2631 cosi
1471 2606 1531 2630 PC
1547 2620 1580 2625 -
1603 2613 1643 2631 10.
1662 2608 1795 2640 putantes
1813 2608 1871 2640 Jam
1889 2607 1918 2632 Ρ
1938 2619 1966 2624 ⁷-

19 2670 26 2679 ,
123 2652 163 2671 11.
181 2645 251 2679 pede
271 2647 359 2671 BD·
372 2646 407 2671 ab
424 2653 473 2671 om.
492 2645 551 2670 PC
567 2659 578 2665 -
596 2646 699 2671 volunt
713 2647 738 2671 B
752 2648 779 2671 D
791 2660 824 2665 —
842 2646 880 2671 16.
894 2654 966 2671 unus
979 2655 1027 2671 om.
1040 2647 1067 2671 P
1082 2661 1114 2665 -
1138 2654 1176 2680 17.
1199 2647 1308 2680 funera]
1329 2649 1447 2674 vulnera
1467 2649 1493 2672 P
1509 2663 1540 2667 —
1563 2649 1602 2673 18.
1623 2649 1758 2683 HIacynti
1778 2649 1804 2672 P
1819 2663 1851 2666 —
1872 2656 1914 2674 21.
1935 2657 1969 2673 nc

75 2693 89 2720 5
120 2686 221 2713 Sicula
239 2695 289 2713 m.
306 2689 371 2713 BD
390 2702 422 2706 —
443 2694 484 2713 22.
504 2686 637 2722 tractare]
651 2691 790 2722 temptare
810 2690 875 2714 BD
896 2703 925 2707 —
948 2696 989 2722 23.
1010 2690 1151 2723 sapienter
1170 2691 1200 2715 D
1212 2703 1224 2709 -
1236 2691 1387 2716 Andriano
1409 2692 1473 2716 BD
1493 2706 1524 2710 —
1545 2690 1586 2715 26.
1606 2691 1817 2715 transmirabile
1836 2691 1861 2714 B
1881 2705 1911 2710 —-
1928 2697 1969 2723 27.

36 2759 37 2762 Ἴ
121 2730 255 2756 videntur
274 2731 339 2755 BD
360 2743 391 2749 —
411 2737 452 2763 30.
472 2731 639 2764 pauperum]
654 2731 786 2764 pauperis
799 2731 858 2755 PC
875 2745 908 2749 -—-
923 2738 965 2763 31.
979 2731 1132 2757 absurdum
1150 2740 1198 2758 om.
1218 2733 1275 2757 PC
1287 2746 1319 2750 —
1335 2740 1375 2766 32.
1396 2733 1491 2765 corde]
1511 2741 1628 2766 corpore
1647 2733 1685 2762 B3
1706 2740 1792 2766 opera
1816 2733 1839 2757 C
1854 2746 1866 2752 -
1885 2733 1970 2758 confi-

26 2787 30 2794 ·
71 2804 73 2807 ι
121 2773 196 2798 tetur
210 2773 237 2797 P
253 2786 262 2791 -
281 2772 334 2797 Sed
354 2771 444 2806 quod]
461 2772 492 2797 Sl
511 2773 579 2805 quid
600 2774 698 2799 BCD
716 2787 726 2791 -
746 2774 897 2798 absurdum
919 2781 975 2798 non
995 2776 1037 2799 est
1058 2775 1122 2799 ΒΙ)
1141 2789 1173 2792 -
1192 2782 1234 2807 33.
1255 2776 1437 2807 cognoscitur
1454 2776 1492 2805 P;
1511 2783 1594 2807 segue
1612 2778 1639 2799 et
1659 2777 1768 2799 coetera
1787 2777 1816 2800 ιή
1837 2776 1901 2800 ΒΙ)

205 2883 214 2902 ¹
233 2885 276 2910 Va
294 2886 390 2911 lnteso
410 2885 595 2911 sull’estrema
615 2888 705 2919 punta
730 2886 775 2910 del
803 2885 884 2917 Faro,
912 2885 1014 2919 perche
1068 2888 1117 2912 che
1137 2895 1194 2912 non
1216 2888 1363 2921 vogliamo
1383 2889 1480 2912 cadere
1500 2888 1529 2912 in
1549 2895 1666 2912 erronee
1680 2887 1908 2914 identificazioni
1924 2891 1967 2913 to-

2 2954 5 2955 ,
31 2952 38 2964 J
118 2928 185 2960 oggi
207 2935 264 2952 non
278 2928 304 2952 ci
317 2927 332 2952 ὲ
345 2928 484 2961 possIbile
497 2928 684 2953 rlntracciare
698 2929 724 2952 le
738 2929 792 2953 due
806 2926 924 2953 localita
938 2935 1013 2953 men·
1068 2930 1238 2962 pografiche,
1257 2938 1338 2955 come
1356 2930 1476 2954 accadde
1495 2930 1521 2954 al
1543 2929 1684 2954 Fazzello.
1722 2929 1769 2956 Cf.
1790 2930 1904 2959 Anum,
1926 2935 1966 2963 op.

6 2990 10 2994 ,.
41 3008 47 3017 ξ
60 2976 93 3006 μο
117 2971 216 2995 toute
237 2970 284 2995 dal
303 2970 342 2995 M.
361 2971 391 2994 ln
411 2972 510 3002 questo
530 2977 604 3002 ειμι
632 2970 810 2995 “clibanum
829 2971 1012 3003 tegularum„
1067 2973 1122 3004 cit„
1143 2973 1199 2996 vol.
1219 2971 1267 3000 111.
1288 2979 1313 3003 p.
1334 2971 1376 3004 63,
1397 2973 1466 2996 nota
1487 2976 1511 3001 ς.

118 3017 134 3035 e
154 3011 232 3037 “tres
250 3012 336 3041 lacus,
355 3014 403 3044 qui
424 3012 536 3037 Praroli
556 3011 682 3045 (Caroli)
700 3013 835 3038 dicuntur
845 3030 869 3044 ,,,
897 3021 911 3038 a
932 3020 1014 3038 meno
1156 3012 1455 3047 ²Corrisponderebbe
1466 3013 1636 3038 all’odierno
1647 3014 1756 3039 Braccto
1767 3014 1810 3038 del
1821 3014 1968 3040 Salvatore.
2001 3020 2028 3046 15
