2320 3424
949 219 1225 256 GAUFREDI
1256 218 1635 255 MALATERRAE
1913 223 1998 260 [ΑΛ.
2018 225 2215 262 1046-1051]

451 346 512 379 XI.
538 364 578 369 —-
602 345 763 389 Juniores
786 353 867 376 vero
890 344 1027 380 fratres,
1051 352 1138 385 quos
1161 348 1257 374 aetas
1279 341 1393 374 adhuc
1418 341 1511 373 domi
1534 341 1709 374 immorari
1733 342 1892 385 cogebat,
1915 342 2166 384 praecedentes
2181 349 2216 377 et

362 400 516 432 seniores
539 399 664 431 fratres
687 397 779 439 apud
803 396 977 438 Apuliam,
1001 395 1138 428 fortiter
1154 395 1304 438 agendo,
1320 393 1453 427 altioris
1469 394 1607 428 culmen
1622 394 1765 427 honoris
1781 402 1815 428 et
1831 395 2076 429 dominationis
2092 407 2214 430 ascen-

362 453 463 491 disse,
488 452 580 484 fama
603 451 788 488 referente,
813 455 1074 492 cognoscentes,
1098 459 1200 491 quam
1223 448 1294 481 cito
1327 454 1420 480 aetas
1450 448 1619 490 permisit,
1649 448 1716 490 ipsi
1744 447 1897 492 'quoque
1921 449 2094 483 subsecuti
2124 457 2214 490 sunt,

362 505 495 538 duobus
518 510 648 537 tantum
672 504 707 535 in
731 503 843 546 patria
866 502 1006 539 relictis,
1030 513 1074 534 ne
1092 501 1289 534 haereditas
1311 501 1380 533 illis
1395 507 1598 544 competens
1613 512 1634 533 a
1650 502 1756 544 stirpe
1774 502 1992 536 alienaretur.
2037 503 2215 537 Abeuntes

359 569 442 591 vero
466 556 719 591 remanentibus
742 562 780 589 ut
803 562 1022 588 remanerent
1057 556 1114 587 vix
1137 561 1393 597 persuaserunt,
1417 554 1478 587 sed
1501 555 1537 587 in
1568 556 1636 587 hoc
1667 556 1782 598 potius
1811 556 2088 598 praevaluerunt,
2120 558 2215 602 quod

361 611 569 645 haeredibus
591 620 720 648 eorum,
745 610 771 642 si
796 621 832 642 se
855 610 1157 652 subsequerentur,
1183 610 1226 641 de
1250 609 1304 640 his
1327 618 1417 652 quae
1441 609 1639 651 acquisituri
1664 615 1773 648 erant,
1789 620 1865 642 sese
1882 610 2126 644 benefacturos
2141 611 2217 654 pol-

361 665 447 698 liciti
470 670 558 698 sunt.
605 664 677 697 Sed
701 663 782 707 quia
805 663 1011 706 perlongum
1038 668 1089 695 est
1112 663 1194 694 huic
1219 663 1315 705 operi
1339 673 1402 705 per
1426 662 1562 706 singula
1585 663 1852 707 perstringendo
1883 664 2034 697 inserere
2065 665 2215 708 qualiter

358 720 395 751 in
418 718 545 761 Apulia
570 718 704 761 egerint
718 716 739 755 ¹,
762 717 849 749 haec
873 722 1004 749 tantum
1030 716 1221 748 summatim
1246 727 1316 749 non
1339 715 1449 749 solum
1474 727 1548 755 nos,
1571 717 1635 749 sed
1659 717 1763 749 etiam
1788 728 1843 749 res
1858 717 1935 760 ipsa
1950 723 2103 756 testatur,
2119 719 2214 763 quod

358 783 492 806 omnem
516 771 673 814 patriam,
696 770 799 803 armis
823 770 1013 808 domantes,
1038 769 1103 802 sibi
1120 769 1402 813 subjugaverunt.
1449 769 1691 813 Subsequente
1708 770 1799 803 enim
1816 781 1853 803 se
1869 781 2008 804 suorum
2024 771 2074 805 'et
2089 783 2215 815 paren-

360 833 430 859 tum
453 831 488 859 et
511 824 826 867 compatriotarum,
850 824 913 856 sed
936 829 971 856 et
986 823 1195 866 reliquarum
1213 823 1579 868 circumadjacentium
1595 824 1786 867 regionum,
1802 835 1864 866 spe
1880 830 2052 869 quaestus,
2068 826 2215 859 maxima
2242 820 2274 858 i*

358 878 587 916 multitudine,
610 878 675 920 ipsi
699 877 838 921 impigri
871 877 1062 921 largitoreS,
1094 876 1191 920 quasi
1223 877 1350 909 fratres
1381 877 1619 920 suscipientes,
1652 878 1761 920 equis,
1792 879 1896 910 armis
1927 885 1962 911 et
1991 878 2143 912 vestibus
2171 889 2215 912 ac

358 932 503 966 diversis
532 930 731 963 muneribus
762 930 931 963 ditabant.
979 929 1195 967 Quibusdam
1226 930 1330 962 etiam
1361 935 1473 962 terras
1505 930 1695 974 largissime
1725 931 2023 974 impertiebantur,
2054 931 2213 966 omnibus

358 985 486 1019 divitiis
509 985 608 1018 huius
630 983 748 1016 mundi
772 984 900 1016 auxilia
916 984 1056 1017 fortium
1072 983 1218 1015 militum
1235 989 1512 1026 praeponentes:
1529 983 1752 1027 quamobrem
1769 984 1858 1016 nihil
1872 985 2026 1028 incoepti
2042 987 2214 1019 incassum

356 1039 423 1071 illis
445 1038 667 1082 praeteribat.
712 1036 817 1071 Unde
842 1043 876 1070 et
898 1037 985 1070 illud
1001 1036 1241 1081 evangelicum
1257 1037 1325 1069 illis
1340 1037 1511 1080 provenit,
1527 1037 1587 1070 ubi
1604 1037 1750 1071 dicitur:
1766 1038 1868 1081 Date,
1893 1043 1926 1070 et
1948 1039 2085 1072 dabitur
2099 1038 2211 1073 vobis:

356 1098 484 1136 quanto
508 1092 598 1124 enim
622 1091 789 1134 ampliora
812 1091 1062 1134 largiebantur,
1083 1096 1181 1124 tanto
1203 1091 1337 1135 majora
1360 1090 1595 1123 lucrabantur.

207 464 282 488 Car

190 785 220 807 D,
235 789 283 808 932‘

2240 1071 2283 1127 15I

446 1189 525 1222 XII.
549 1207 590 1212 —
613 1189 722 1232 Igitur
745 1189 878 1221 seniore
902 1189 1023 1226 fratre,
1048 1188 1225 1221 Willelmo
1256 1188 1424 1222 videlicet
1456 1189 1592 1227 comite,
1622 1189 1819 1222 infirmitate
1851 1191 2128 1233 superveniente,
2152 1191 2214 1224 de-

356 1244 478 1276 functo
491 1241 514 1281 ²,
546 1252 689 1286 magnus
721 1242 821 1274 dolor
853 1252 973 1273 omnes
1004 1241 1225 1274 Normannos
1257 1242 1402 1275 invasit:
1435 1242 1567 1285 quippe
1598 1243 1680 1285 quia
1710 1243 1797 1275 tanti
1828 1243 1964 1276 consilii
1993 1243 2115 1282 virum,
2145 1249 2214 1277 tam

358 1296 462 1329 armis
485 1302 672 1334 strenuum,
695 1301 765 1328 tam
788 1294 854 1327 sibi
878 1295 1085 1335 munificum,
1110 1295 1289 1327 affabilem
1313 1302 1348 1327 et
1370 1295 1628 1339 morigeratum,
1645 1296 1787 1329 ulterius
1802 1306 1839 1329 se
1855 1296 1984 1329 habere
2001 1297 2215 1331 diffidebant.

359 1349 431 1382 Sed
462 1349 623 1392 exequiis
653 1359 697 1381 ex
719 1359 813 1380 more
838 1348 1097 1381 accuratissime
1122 1354 1157 1381 et
1181 1358 1259 1381 cum
1282 1349 1432 1381 maximo
1460 1349 1602 1391 planctu
1634 1359 1703 1382 non
1734 1350 1905 1382 immerito
1936 1350 2130 1391 celebratis,
2161 1361 2213 1384 se-

357 1403 491 1436 cundus
514 1403 623 1435 frater
646 1402 762 1446 Drogo
786 1403 892 1435 totius
914 1401 1063 1445 Apuliae
1087 1402 1301 1435 dominatum
1324 1401 1524 1445 suscepit³z
1549 1404 1602 1435 vir
1625 1402 1776 1446 quidem,
1803 1409 1841 1435 ut
1855 1405 2032 1437 succincte
2047 1404 2212 1445 dicamus,

358 1466 417 1499 per
443 1461 568 1488 cuncta
584 1456 781 1488 laudabilis.
827 1455 893 1488 Hic
918 1456 1061 1489 fratrem
1085 1458 1201 1488 suum'
1227 1455 1435 1489 Umfredum
1460 1455 1722 1499 Abagelardum
1747 1457 1920 1496 comitem,
1943 1458 2038 1500 apud
2061 1463 2212 1491 castrum

356 1510 451 1552 quod
466 1507 576 1542 Lavel
592 1509 729 1548 dicitur,
745 1509 855 1541 virum
879 1509 1198 1551 prudentissimum,
1222 1509 1370 1542 consilio
1393 1508 1634 1552 Apuliensium
1658 1515 1693 1542 et
1716 1510 1995 1544 Normannorum
2027 1510 2213 1550 ordinavit,

360 1561 552 1596 Robertum
569 1572 654 1595 vero
672 1562 903 1595 Guiscardum
927 1563 963 1594 in
988 1561 1151 1595 Calabria
1173 1563 1298 1604 posuit,
1322 1562 1476 1595 'firmans
1499 1563 1531 1595 ei
1555 1569 1706 1596 castrum
1729 1564 1766 1596 in
1790 1564 1881 1597 valle
1897 1563 2067 1603 cratensi,
2082 1565 2118 1597 in
2134 1564 2212 1598 loco

357 1615 416 1659 qui
439 1614 576 1649 Scribla
598 1615 735 1654 dicitur,
752 1616 796 1648 ad
821 1615 1048 1649 debellandos
1072 1615 1281 1649 Cusentinos
1304 1621 1339 1648 et
1363 1624 1422 1648 eos
1446 1616 1505 1659 qui
1529 1617 1644 1650 adhuc
1667 1617 1703 1649 in
1726 1616 1889 1650 Calabria
1912 1617 2064 1650 rebelles
2078 1623 2177 1652 erant
2188 1618 2213 1650 ⁴.

2235 1405 2292 1459 207

176 1468 251 1490 Mva..
269 1472 307 1491 553

442 1713 540 1746 XIII.
563 1732 605 1736 -
627 1712 853 1757 Longobardi
876 1714 981 1757 igitur
1003 1713 1223 1756 Apulienses,
1247 1724 1355 1757 genus
1377 1724 1516 1757 semper
1531 1715 1806 1756 perfidissimum,
1818 1715 2039 1748 traditionem
2055 1726 2119 1758 per
2133 1715 2210 1748 uni-
2233 1715 2276 1748 2⁵

355 1777 487 1799 versam
500 1766 663 1810 Apuliam
678 1767 820 1800 silenter
836 1767 1010 1805 ordinant,
1027 1774 1064 1800 ut
1081 1777 1201 1800 omnes
1215 1767 1409 1800 Normanni
1424 1778 1494 1800 una
1509 1767 1568 1801 die
1585 1768 1841 1802 occiderentur.
1886 1769 2126 1803 Determinato
2141 1769 2211 1808 die,

355 1831 432 1853 cum
458 1831 575 1853 comes
597 1820 715 1865 Drogo
738 1821 832 1863 apud
856 1826 1006 1853 castrum
1030 1821 1161 1854 Montis
1185 1820 1274 1858 olei,
1298 1820 1393 1864 quod
1417 1827 1582 1864 corrupte
1608 1822 1651 1854 ab
1673 1822 1797 1855 incolis
1820 1822 2053 1855 Montolium'*
2071 1822 2210 1861 dicitur,

355 1880 555 1912 moraretur,
579 1884 711 1907 summo
734 1873 888 1907 diluculo
912 1875 957 1907 ad
982 1875 1178 1913 ecclesiam,
1201 1882 1239 1908 ut
1268 1875 1334 1908 sibi
1364 1885 1439 1908 mos
1470 1881 1555 1914 erat,
1584 1885 1785 1919 properans,
1818 1885 1895 1908 cum
1925 1876 1994 1920 jam
2026 1876 2210 1910 ecclesiam
2239 1887 2249 1889 “
2294 1900 2295 1903 ¹

356 1929 511 1966 intraret,
534 1928 683 1971 quidam,
706 1928 812 1961 Risus
834 1929 985 1966 nomine,
1009 1929 1162 1961 eiusdem
1188 1929 1323 1962 comitis
1347 1934 1526 1972 compater
1550 1935 1585 1962 et
1600 1935 1819 1962 sacramento
1837 1929 2116 1968 confoederatus,
2131 1935 2211 1973 post

354 1983 492 2026 januam
517 1981 637 2019 latens,
660 1981 805 2014 foedere
829 1987 943 2025 rupto,
966 1983 1062 2015 ferro
1086 1993 1164 2014 eum
1188 1982 1359 2025 suscepit:
1384 1983 1502 2026 sicque
1527 1993 1605 2016 cum
1629 1983 1784 2026 pluribus
1807 1993 1957 2022 suorum,
1973 1983 2094 2026 paucis
2111 1984 2210 2016 aufu-
2234 1984 2277 2017 30
2299 1981 2302 2001 ³

353 2034 536 2079 gientibuS‚
558 2035 694 2068 occisus
717 2041 779 2068 est.
826 2035 898 2069 Sed
921 2045 985 2077 per
1008 2036 1146 2069 diversa
1169 2035 1318 2079 Apuliae
1343 2036 1420 2069 loca
1443 2036 1561 2079 plures
1584 2037 1650 2069 hac
1674 2036 1859 2069 traditione
1889 2036 2129 2070 occubuerunt
2142 2039 2165 2069 ⁸.

444 2155 466 2172 1.
485 2149 590 2172 morari
610 2148 673 2172 BD
690 2161 701 2166 -
720 2150 748 2173 et
765 2156 813 2172 om.
836 2149 863 2172 P
880 2163 912 2166 —
933 2155 956 2172 2.
977 2151 1004 2173 et
1023 2148 1236 2173 dominationis
1255 2156 1303 2173 om.
1324 2149 1385 2173 BD
1405 2162 1437 2166 —-
1456 2156 1481 2181 3.
1503 2150 1580 2181 ipsos
1601 2149 1663 2174 BD
1683 2162 1691 2167 ·
1711 2151 1778 2174 sunt
1791 2157 1840 2174 om.
1853 2150 1923 2174 Ρ-
1937 2157 1962 2182 4.
1976 2148 2099 2182 tantum]
2112 2151 2207 2175 tamen

355 2190 417 2214 BD
436 2203 444 2208 -
465 2190 510 2215 vel
528 2192 690 2222 competens
708 2190 796 2223 stirps
815 2190 865 2215 cosi
885 2191 913 2214 P
928 2205 961 2209 —
981 2190 1006 2216 6.
1026 2193 1208 2223 sequerentur
1228 2192 1255 2215 P
1272 2205 1304 2210 —
1325 2197 1349 2223 7.
1369 2192 1436 2223 quia
1454 2199 1506 2217 om.
1526 2192 1588 2216 PB
1601 2192 1625 2217 C
1642 2205 1675 2209 —
1695 2191 1719 2216 8.
1741 2192 1816 2224 apud
1841 2192 1978 2224 Apuliam
2003 2193 2121 2224 egerunt
2146 2193 2175 2218 P
2197 2205 2208 2212 ·

356 2230 528 2265 summatim]
545 2232 712 2257 submittam
733 2233 795 2257 BD
813 2245 826 2251 ·
845 2233 892 2257 sed
911 2234 939 2257 et
959 2240 1002 2257 res
1021 2234 1107 2258 etiam
1129 2234 1187 2259 CD
1206 2246 1238 2251 -
1261 2240 1301 2258 12.
1321 2233 1422 2265 terras]
1446 2235 1585 2258 terrarum
1604 2233 1669 2258 loca
1688 2235 1716 2258 P
1737 2248 1771 2252 —
1799 2232 1839 2258 16.
1862 2235 2064 2266 praeveniente
2087 2235 2149 2259 ΡΑ
2175 2249 2208 2254 -

358 2280 398 2306 17.
417 2274 598 2300 1nvas1t....
616 2275 651 2298 da
669 2276 719 2306 qui
730 2275 791 2308 fino
809 2283 826 2299 a
844 2275 950 2306 quando
969 2283 1021 2299 non
1039 2276 1101 2300 sard
1120 2276 1256 2305 avum-tiro,
1274 2277 1300 2300 si
1316 2278 1390 2301 trava
1409 2275 1548 2308 un’ampia
1567 2276 1664 2301 lacuna
1681 2277 1712 2300 in
1728 2276 1753 2300 A
1773 2289 1782 2294 -
1796 2276 1902 2309 quippe
1915 2276 1962 2308 qui
1977 2277 2048 2300 P-
2064 2275 2104 2301 18.
2116 2278 2146 2301 et
2157 2283 2207 2301 om.

314 2324 327 2348 5
355 2317 384 2341 D
396 2330 428 2335 —
451 2323 490 2350 19.
502 2324 566 2341 cum
585 2325 690 2349 magno
708 2318 826 2350 planctu
845 2324 880 2342 ex
900 2325 976 2342 more
996 2318 1208 2343 accuratissime
1222 2313 1279 2343 non
1300 2318 1446 2343 immerito
1466 2318 1530 2343 BD
1548 2332 1581 2336 —
1602 2325 1645 2343 20.
1665 2318 1801 2343 ducatum
1820 2319 1884 2343 BD
1905 2331 1937 2336 -—
1957 2325 1998 2344 21.
2013 2319 2205 2344 Hunlsredum

355 2358 535 2391 Abagelardo
557 2359 582 2383 Ρ
597 2360 648 2390 qui
664 2367 677 2383 e
694 2362 794 2391 umpre
815 2373 846 2377 —
868 2366 909 2384 22.
920 2358 1019 2393 Lavel]
1038 2360 1156 2385 Revelle
1175 2361 1216 2390 B3
1236 2360 1338 2385 Ovelle
1357 2361 1385 2384 D
1404 2374 1415 2379 -
1438 2361 1654 2394 ApuleJensium
1675 2361 1703 2384 P
1718 2362 1791 2392 quie
1802 2363 1904 2392 sempre
1917 2374 1949 2379 —-
1964 2367 2005 2392 ²3·
2020 2362 2050 2385 in
2063 2369 2113 2386 om.
2126 2362 2154 2386 P
2165 2361 2208 2386 C·

357 2400 490 2425 Gratensi
511 2402 547 2431 C3
560 2399 643 2426 Grati
657 2401 695 2430 Bg
711 2401 792 2426 Greci
813 2402 841 2426 D
862 2416 893 2419 -
914 2408 957 2434 ²4·
976 2402 1081 2427 Scrilla
1103 2403 1168 2427 BD
1186 2416 1195 2420 -
1214 2402 1413 2427 debellandum
1434 2402 1609 2427 Cosentinos
1628 2403 1699 2427 P-
1715 2407 1755 2434 25.
1776 2402 1932 2427 traditione
1946 2404 2050 2428 ΡΟ-
2070 2402 2112 2428 26.
2131 2403 2208 2428 ordi-

356 2440 436 2476 nant]
457 2443 591 2468 ordinata
611 2444 671 2467 PC
689 2457 720 2462 —
741 2450 783 2477 ²9·
802 2445 863 2468 eius
883 2445 910 2468 P
929 2457 937 2462 —
959 2445 1120 2469 foederatus
1140 2446 1168 2469 P
1184 2458 1194 2464 -
1213 2443 1290 2478 post]
1311 2452 1360 2478 per
1380 2445 1418 2473 B;
1442 2445 1521 2477 prius
1540 2445 1567 2469 D
1586 2458 1618 2463 —
1639 2451 1682 2477 30.
1701 2445 1834 2477 suscepit,
1854 2446 1902 2477 qui
1924 2453 1986 2470 cum
2006 2446 2034 2469 P

299 2591 330 2609 10

300 2804 328 2829 Ι5

298 3012 331 3030 20

443 2545 450 2561 ¹
471 2545 582 2570 Siffatta
601 2547 814 2571 dichiarazione
834 2547 970 2578 potrebbe
988 2547 1163 2586 giustificare
1177 2548 1198 2572 il
1215 2549 1253 2573 M.

356 2595 404 2620 per
422 2588 448 2612 le
467 2588 619 2613 omIssioni
639 2589 689 2613 che
708 2589 839 2613 abbiamo
853 2590 999 2613 ritrovato
1021 2590 1097 2614 nella
1117 2598 1167 2615 sua
1188 2598 1251 2615 nar·

357 2631 477 2659 razione,
497 2638 575 2655 come
588 2638 637 2664 per
651 2632 671 2656 il
686 2632 809 2656 silenzio
828 2638 883 2656 con
904 2632 949 2656 cui
968 2630 983 2657 ὲ
997 2634 1112 2664 pusato
1127 2634 1170 2658 sui
1187 2634 1252 2658 fatti

356 2672 402 2697 dei
420 2673 579 2697 Normanni
599 2673 657 2698 fino
677 2674 703 2698 al
726 2674 802 2706 1046,
821 2681 899 2699 anno
925 2674 1001 2698 della
1021 2676 1110 2699 morte
1130 2676 1160 2700 di
1179 2676 1254 2701 Dro-

356 2721 436 2744 gone,
456 2715 505 2739 che
524 2714 617 2739 forma
636 2714 776 2748 l‘oggetto
796 2716 840 2740 del
861 2716 989 2748 capitolo
1009 2718 1149 2748 seguente.

443 2754 453 2770 ²
473 2754 548 2780 Mori
569 2757 614 2781 nel
637 2756 717 2789 10462
737 2757 809 2782 Lur.
830 2757 987 2787 Pnorose„
1005 2758 1114 2782 adann.
1154 2759 1198 2783 Cf.
1213 2760 1252 2784 Dr

357 2797 434 2827 Mno,
452 2798 526 2828 V111.
546 2797 607 2829 265.

443 2838 453 2853 ³
473 2840 495 2864 Il
516 2841 553 2864 M.
574 2843 635 2866 tace
655 2841 681 2865 le
701 2843 815 2866 contese
836 2849 885 2874 per
903 2841 931 2866 la
945 2843 1121 2867 successione
1141 2843 1169 2867 di
1191 2842 1248 2868 Gu-

356 2881 476 2913 gllelmo
494 2883 613 2908 Braccio
633 2884 660 2908 di
682 2883 767 2908 ferro.

445 2924 457 2938 ⁴
476 2923 601 2949 Roberto
620 2924 780 2950 Guiscardo
794 2926 911 2951 dovette
924 2926 1020 2950 venire
1035 2927 1064 2951 in
1077 2926 1162 2951 Italia
1176 2928 1252 2961 dopo

359 2965 385 2988 la
406 2967 494 2990 morte
513 2966 543 2990 di
565 2966 729 2998 Guglielmo
754 2966 819 3000 (fine
845 2968 890 2992 del
916 2968 1098 3001 ’45·princlpi
1126 2969 1171 2993 del
1196 2969 1251 3002 ⁹46)

358 3015 372 3029 e
398 3009 487 3038 prima
514 3009 540 3032 di
568 3009 661 3040 quella
687 3009 717 3034 di
742 3009 885 3034 Pandolso
912 3010 1052 3042 (febbraio
1083 3010 1167 3043 1049).
1206 3011 1251 3036 Cf.

1307 2548 1439 2579 Hmscu„
1458 2548 1572 2577 Foru-k„
1592 2547 1665 2577 VIII,
1686 2546 1745 2573 282.

1396 2589 1407 2606 ⁵
1434 2590 1505 2615 Pare
1531 2590 1580 2615 che
1606 2590 1649 2615 sia
1674 2590 1824 2621 Montella,
1849 2591 1879 2615 in
1908 2598 1988 2623 prov.
2012 2591 2040 2615 di
2061 2590 2209 2617 Avellino.

1307 2633 1429 2662 ΑΜΑτο,
1449 2632 1497 2662 111,
1518 2639 1560 2662 22,
1574 2633 1610 2658 ha
1627 2631 1641 2646 “
1650 2631 1854 2665 Mont-Alegre
1865 2650 1888 2663 „.
1925 2633 2008 2657 Altre
2022 2633 2097 2658 sonti
2111 2634 2208 2659 hanno

1311 2674 1324 2688 “
1335 2675 1504 2700 Montillara
1515 2692 1538 2707 ,„
1561 2675 1575 2689 “
1586 2675 1727 2699 Montella
1739 2693 1752 2706 ,‚
1775 2683 1789 2699 e
1812 2675 1824 2688 “
1835 2674 1919 2699 Mons
1937 2675 2005 2699 llari
2020 2685 2048 2707 „z
2068 2676 2142 2700 onde
2161 2675 2208 2700 Dr

1308 2717 1433 2748 Bmsus,
1452 2720 1492 2749 op.
1511 2718 1566 2747 cit„
1590 2717 1646 2742 vol.
1665 2717 1686 2747 Ι,
1706 2725 1733 2749 p.
1753 2723 1813 2747 222,
1834 2725 1860 2742 n.
1881 2723 1904 2748 3,
1924 2718 2052 2747 Deme,
2070 2717 2121 2742 ιιι
2137 2717 2208 2743 Nor-

1307 2761 1401 2784 mands
1418 2768 1451 2784 en
1470 2759 1559 2791 Italic,
1579 2768 1605 2792 p.
1627 2759 1687 2793 198,
1706 2767 1721 2785 e
1741 2759 1815 2790 GAY,
1835 2763 1874 2792 op.
1893 2761 1950 2788 cit..
1970 2768 1996 2792 p.
2016 2766 2076 2793 453.
2095 2762 2164 2786 nota
2183 2768 2208 2792 3,

1307 2803 1381 2827 sulla
1398 2803 1493 2828 scorta
1512 2803 1557 2827 del
1579 2810 1606 2835 p.
1625 2803 1666 2827 D1
1684 2803 1761 2834 Meo,
1780 2802 1856 2833 VIII,
1874 2810 1900 2835 p.
1921 2808 1982 2835 317,
2003 2809 2130 2835 pensano
2156 2802 2207 2828 che

1307 2845 1350 2868 sia
1369 2844 1469 2869 Monte
1487 2843 1570 2873 Ilaro,
1590 2845 1665 2869 nelle
1685 2845 1835 2869 vicinanze
1855 2844 1883 2868 di
1904 2844 2026 2869 Bovino.

1396 2884 1408 2902 ⁶
1428 2887 1606 2911 L’attentato
1626 2894 1640 2910 e
1660 2887 1687 2911 la
1707 2888 1799 2911 morte
1824 2886 1854 2910 di
1878 2886 2016 2918 Drogone
2040 2893 2206 2911 avvennero

1306 2929 1327 2953 il
1352 2936 1384 2953 10
1404 2932 1505 2962 agosto
1528 2934 1610 2961 1⁰51?
1624 2930 1660 2954 cs.
1675 2928 1761 2955 Gun..
1775 2929 1878 2958 APUL„
1891 2929 1926 2958 ΙΙ,
1940 2934 1971 2961 75
1987 2937 2046 2962 sgg.
2059 2930 2109 2954 che
2122 2936 2206 2962 segue

1306 2970 1428 2996 l’Axou.
1449 2972 1527 3000 Bm,
1546 2972 1583 2995 ad
1599 2979 1678 2996 anm:
1701 2972 1714 2985 “
1725 2971 1761 2996 Et
1774 2972 1885 2996 occisus
1899 2973 1941 2996 est
1953 2971 2052 3004 Drogo
2066 2978 2158 2996 comes
2173 2972 2203 2996 in

1308 3013 1430 3038 “monte
1448 3013 1517 3038 Ilari
1540 3014 1572 3038 ab
1594 3014 1699 3038 incolis
1718 3014 1842 3038 eiusdem
1855 3030 1880 3045 η.
1917 3012 1963 3038 Cf.
1987 3013 2097 3044 ΚὸΡΚΕ,
2123 3013 2204 3042 dnn..

2236 2714 2320 2750 252

2232 2933 2268 2959 30
