2314 3418
394 224 442 260 66
823 236 825 238 ·
966 219 1237 256 GAUFREDI
1265 215 1645 253 MALATERRAE
2058 222 2112 256 [A.
2131 223 2224 258 1079]

739 343 861 375 Classz's
883 342 1079 384 adaptatur,
1103 351 1167 372 non
1190 340 1286 372 navis
1309 339 1380 371 sola
1402 341 1561 382 paratur.

826 393 964 426 Crescat
985 397 1022 425 ut
1043 393 1079 424 in
1102 402 1257 424 numeros
1278 391 1458 423 studiosius
1479 390 1632 423 imminet
1653 390 1761 424 heros.

738 446 895 479 Omnibus
917 446 1045 489 aptatis
1067 450 1100 477 et
1121 445 1259 477 navibus
1282 448 1359 476 arte
1380 443 1525 487 paratis,

823 499 897 532 Per
918 499 1081 541 liquidum
1103 501 1242 541 pontum
1267 496 1382 530 classis
1405 496 1569 540 conflatur
1594 496 1797 529 Tdrontum.

473 607 551 640 XV.
576 626 616 630 —
641 606 777 639 Interim
803 606 882 638 dum
905 605 971 637 ista
993 610 1149 647 aguntur,
1174 613 1264 635 anno
1288 602 1427 634 Domini
1449 602 1599 635 instante
1622 602 1866 635 MLXXVIIII
1879 602 1901 641 ¹,
1925 613 2050 643 comes,
2082 604 2217 636 Tauro-

386 661 533 693 menium
558 659 728 696 obsidens,
752 658 875 702 viginti
898 657 1031 691 duobus
1055 655 1204 688 castellis
1227 655 1379 693 vallavit,
1402 656 1452 687 ita
1474 655 1517 688 ab
1540 665 1610 687 uno
1633 655 1668 687 in
1693 655 1837 688 alterum
1867 655 2004 699 sepibus
2034 661 2070 689 et
2099 656 2224 699 stropi-

212 726 242 749 D,
258 725 317 745 nar
390 713 475 746 bus²
499 713 674 751 claudens,
698 711 760 743 sed
784 717 818 742 et
841 709 1019 742 navalibus
1043 709 1153 750 copiis
1175 719 1195 739 a
1217 707 1399 750 procinctu
1429 707 1531 740 maris
1561 708 1716 751 cingens,
1746 714 1785 741 ut
1813 708 1908 741 nullo
1938 708 2058 742 'latere
2090 714 2225 752 pateret

384 767 496 799 aditus
526 766 571 798 ad
593 771 752 802 castrum,
784 762 976 795 volentibus
998 763 1151 794 hostibus
1181 760 1311 803 aliquid
1332 761 1577 793 introducendi
1600 761 1656 793 vel
1680 761 1860 794 educendi.
1884 760 1942 800 At,
1965 762 2046 795 dum
2075 762 2224 806 quadam

219 827 246 850 B.
261 832 306 846 ιον
388 820 445 852 die
469 820 513 851 de
536 824 647 851 castro
671 818 714 850 ad
738 823 885 849 castrum
908 826 971 858 per
994 815 1202 858 praecipitia
1225 814 1399 856 scopulosi
1415 814 1542 846 montis
1558 824 1674 847 comes
1689 814 1796 847 visum
1812 813 1989 848 'transiret
2002 825 2081 848 cum
2095 815 2226 858 paucis,

385 883 464 915 pars
486 872 653 914 quaedam
676 870 878 903 Sclavorum
901 870 988 901 inter
1010 869 1193 912 myrtetica
1216 867 1365 911 virgulta
1388 867 1536 906 latitans,
1558 868 1595 899 in
1619 868 1767 909 quodam
1791 868 1928 900 artioris
1953 868 2116 901 transitus
2143 869 2223 902 loco

383 934 620 968 prorumpens,
642 923 751 955 irruit.
795 923 841 954 Et
863 923 928 954 nisi
951 921 1161 954 Eviscardus
1185 920 1334 963 quidam,
1358 919 1500 952 natione
1523 919 1632 959 Brito,
1656 920 1775 953 audito
1791 920 1935 963 strepitu
1951 930 2133 961 armorum,
2148 927 2224 954 sese

383 978 500 1011 comiti
523 983 557 1009 et
580 976 731 1009 hostibus
754 975 1022 1017 interposuisset,
1046 975 1089 1006 de
1112 975 1188 1015 ipso
1211 973 1347 1012 comite,
1372 979 1409 1005 ut
1431 973 1535 1011 aiunt,
1558 972 1716 1005 hostibus
1731 973 1923 1015 triumphus
1941 974 2107 1006 cessisset.
2152 974 2225 1008 Sed

383 1031 538 1064 cordium
560 1031 653 1062 solus
675 1030 859 1071 inspector,
883 1029 987 1067 Deus,
1003 1027 1128 1060 bonam
1152 1027 1375 1059 intentionem
1397 1026 1564 1068 principis
1575 1031 1614 1059 et
1629 1027 1878 1068 praecedentia
1891 1026 1965 1059 sive
1980 1027 2225 1071 subsequentia

382 1095 445 1127 per
457 1094 534 1116 eum
548 1084 665 1115 futura
680 1082 770 1115 bona
784 1087 1002 1124 praenotanS,
1019 1081 1129 1119 aliter,
1146 1091 1247 1123 quam
1263 1079 1315 1112 illi
1331 1079 1571 1119 moliebantur,
1587 1090 1660 1112 rem
1676 1080 1859 1113 transtulit.
1905 1079 2081 1123 Scriptum
2095 1081 2225 1124 quippe

382 1143 452 1169 est:
477 1136 559 1170 Non
581 1141 630 1168 est
649 1135 829 1179 sapientia,
853 1145 917 1166 non
939 1139 987 1166 est
1008 1134 1205 1177 prudentia,
1229 1144 1294 1165 non
1318 1137 1368 1165 est
1389 1133 1562 1165 consilium
1585 1137 1704 1165 contra
1725 1133 1922 1166 Dominum.

468 1242 564 1274 XVI.
589 1260 627 1264 —
653 1241 844 1274 Eviscardo
866 1241 982 1283 itaque
1014 1241 1049 1272 in
1081 1239 1210 1272 domini
1241 1238 1407 1271 fidelitate
1438 1239 1554 1271 taliter
1585 1239 1783 1278 interfecto,
1815 1240 1896 1271 dum
1928 1239 2035 1272 nostri
2063 1240 2100 1272 in
2131 1250 2224 1272 arma

383 1301 494 1332 ruunt,
516 1296 631 1327 hostes
654 1305 717 1336 per
740 1293 942 1336 praecipitia
965 1293 1139 1335 scopulosi
1161 1292 1285 1325 montis
1309 1292 1417 1335 elapsi
1441 1298 1529 1324 sunt.
1576 1291 1635 1324 Sic
1658 1302 1749 1324 mors
1773 1292 1955 1325 Eviscardi
1985 1293 2056 1325 vita
2086 1293 2224 1326 comitis
2294 1330 2297 1333 Δ

382 1348 445 1380 sub
467 1348 533 1380 Dei
556 1348 727 1390 praesidio
751 1347 825 1379 fuit.
872 1346 997 1379 Comes
1020 1351 1134 1378 autem
1157 1346 1357 1378 fidelitatem
1381 1345 1453 1378 eius
1476 1345 1620 1378 honeste
1642 1349 2040 1388 remunerans‚'corpore
2056 1345 2224 1379 decenter
2276 1343 2296 1382 f

383 1396 533 1439 humato,
556 1401 663 1432 multa
684 1400 851 1432 beneficia
874 1399 991 1442 egenis
1014 1405 1049 1431 et
1071 1399 1180 1431 sacris
1204 1398 1299 1438 locis,
1323 1408 1385 1441 pro
1409 1398 1647 1440 redemptione
1679 1398 1810 1430 animae
1842 1399 1926 1436 eius,
1957 1408 2022 1431 nec
2053 1398 2222 1432 immerito

385 1454 538 1487 contulit.

470 1507 639 1540 Montium
662 1512 775 1539 autem
799 1507 978 1539 cacumina
1002 1517 1079 1538 cum
1102 1506 1187 1548 ipsis
1210 1505 1355 1538 vallibus
1377 1505 1599 1547 perlustrans,
1622 1505 1779 1547 peditum
1804 1506 1914 1548 copiis
1937 1506 2004 1538 iter
2026 1505 2171 1544 faciens,
2202 1517 2223 1539 a

383 1566 509 1600 monte,
534 1561 593 1603 qui
614 1560 657 1593 ab
679 1559 801 1592 incolis
826 1560 925 1592 Gibel
945 1559 1148 1602 appellatur,
1172 1569 1274 1602 quem
1298 1569 1361 1591 nos
1384 1559 1508 1592 Etnam
1533 1558 1692 1596 dicimus,
1715 1569 1823 1602 usque
1847 1559 2023 1602 Traynam
2050 1559 2223 1591 neminem

386 1614 537 1647 eiusdem
561 1613 811 1656 superstitionis
834 1613 1037 1656 impunitum
1061 1612 1201 1646 dimisit.

777 1712 946 1744 Militibus
968 1712 1091 1744 multus
1112 1712 1268 1755 planctus
1290 1711 1371 1754 fuit,
1395 1711 1462 1743 iste
1484 1711 1645 1755 sepultus.

862 1764 968 1806 Nam,
991 1775 1048 1796 suo
1071 1765 1202 1806 merito,
1227 1775 1327 1797 carus
1340 1764 1421 1807 suit
1441 1764 1587 1807 undique
1609 1763 1722 1797 Brito.

774 1818 849 1850 Pro
871 1819 992 1850 merito
1004 1817 1096 1859 fidei
1114 1822 1236 1850 sortem
1259 1818 1378 1861 capiat
1398 1817 1555 1860 requiei!

862 1870 928 1902 Cui
947 1881 1020 1903 cum
1041 1871 1087 1902 sit
1109 1871 1159 1902 ita
1182 1881 1282 1912 mors,
1305 1874 1356 1902 est
1377 1870 1495 1903 comiti
1514 1870 1596 1902 data
1618 1870 1701 1902 vita.

777 1923 810 1956 A
831 1921 929 1964 Juda
951 1924 1063 1966 distat,
1087 1934 1183 1966 quem
1206 1927 1302 1956 tanta
1322 1924 1406 1963 fides
1427 1923 1495 1955 sibi
1516 1923 1632 1956 dicat:

219 1982 243 2008 C.
257 1988 305 2007 sor
862 1976 938 2015 Ille,
961 1976 1070 2009 Deum
1093 1977 1245 2019 vendens,
1269 1977 1386 2019 laqueo
1408 1987 1445 2008 se
1465 1979 1586 2020 postea
1605 1976 1762 2019 pendens,

775 2029 926 2062 Mortem
948 2034 1128 2072 mercatur,
1152 2041 1226 2062 cum
1249 2030 1434 2062 traditione
1457 2033 1614 2062 notatur:

861 2082 996 2115 Hostili
1015 2083 1122 2116 cultro
1144 2085 1223 2126 spes
1244 2083 1342 2115 huius
1362 2093 1397 2115 se
1420 2083 1517 2115 dedit
1537 2082 1635 2125 ultro,

781 2135 828 2168 Ut
848 2137 1016 2168 dominum
1038 2141 1158 2178 servet,
1182 2137 1404 2179 meritumque
1425 2135 1492 2168 sibi
1511 2140 1716 2169 coarcervet.

863 2189 946 2222 IVon
967 2189 1094 2222 virtute
1113 2190 1202 2232 pari
1221 2188 1339 2221 debent
1360 2189 1390 2221 ii
1408 2189 1614 2221 subtitulari.

781 2241 814 2273 T
812 2243 946 2274 raditor
968 2242 1056 2274 alter
1078 2247 1163 2284 erat,
1186 2246 1225 2275 ut
1244 2243 1352 2274 salvet
1374 2246 1408 2274 et
1429 2242 1517 2275 alter
1540 2242 1688 2274 anhelat.

861 2294 1064 2338 Angelicam
1083 2298 1232 2338 pennam
1254 2295 1369 2339 capiet
1389 2295 1454 2333 hic,
1477 2295 1534 2327 ille
1554 2295 1771 2337 gehennam!

469 2399 583 2435 XVII.
606 2418 647 2423 -
672 2399 944 2438 Quatuordecim
966 2411 1049 2444 ergo
1073 2411 1189 2440 naveS,
1213 2412 1297 2445 quas
1319 2401 1483 2447 golafros
1520 2400 1706 2444 appellant,
1729 2400 1774 2433 ab
1802 2399 1928 2433 Africa
1957 2400 2051 2444 regis
2065 2399 2220 2433 Thimini

382 2453 568 2495 piratarum
589 2463 683 2486 more
705 2463 768 2496 per
790 2463 883 2486 mare
906 2453 1072 2496 palantes,
1095 2454 1159 2487 sub
1181 2454 1415 2488 Tauromenio
1438 2455 1616 2497 appulsae,
1640 2454 1792 2498 quodam
1815 2453 1970 2487 diluculo
1992 2464 2014 2486 a
2037 2453 2163 2487 nostris
2183 2453 2220 2486 in
2269 2482 2272 2484 ,

475 2598 496 2616 1.
514 2591 649 2624 adptatur
666 2592 693 2616 Ρ
707 2605 740 2610 -
758 2599 784 2623 4.
802 2591 975 2617 Hidrontum
993 2593 1022 2618 P
1038 2607 1070 2612 —
1090 2598 1114 2625 5.
1134 2594 1266 2623 instante,
1286 2601 1334 2618 om.
1353 2595 1379 2618 B
1391 2595 1417 2618 D
1436 2593 1613 2618 MLXXVIH
1632 2594 1692 2619 PC
1710 2606 1743 2611 —
1763 2592 1817 2626 5-6.
1832 2600 1924 2618 comes
1935 2610 1941 2618 .
1954 2611 1960 2617 .
1972 2611 1977 2617 .
1989 2611 1995 2617 .
2009 2590 2146 2626 castellis]
2161 2591 2218 2617 duo
2264 2593 2270 2600 ’
2290 2587 2291 2590 ’

386 2633 500 2658 castella
518 2634 641 2658 vallavit
658 2635 725 2659 BD
743 2648 776 2652 —-
795 2633 819 2658 8.
838 2636 960 2659 castrum
978 2634 1020 2659 ire
1037 2635 1102 2660 BD
1121 2649 1153 2654 -
1172 2643 1197 2668 9.
1216 2637 1247 2660 ln
1262 2638 1385 2661 castrum
1398 2638 1468 2662 P-—
1485 2643 1526 2661 10.
1539 2634 1718 2670 Sclavorum]
1731 2635 1917 2661 Sealonorum
1929 2635 1994 2660 BD
2006 2648 2016 2653 -
2029 2635 2142 2660 mix-tica
2154 2635 2220 2659 BD
2263 2642 2269 2669 ‚¹

385 2687 417 2692 —
438 2682 477 2700 11.
502 2675 662 2700 Evisandus
680 2677 742 2702 PC
757 2678 807 2708 qut·
821 2684 836 2701 e
853 2678 972 2708 appresso
990 2690 1025 2694 —
1044 2684 1085 2708 13.
1103 2675 1142 2711 et]
1160 2678 1192 2702 in
1210 2679 1236 2702 P
1251 2691 1285 2696 —
1307 2686 1346 2711 14.
1365 2679 1435 2703 bene
1455 2679 1521 2702 P-
1540 2685 1581 2711 17.
1601 2678 1674 2711 vita]
1694 2679 1756 2703 vice
1769 2679 1796 2702 P
1810 2691 1842 2695 —
1863 2684 1906 2702 22.
1919 2677 2041 2703 Ethnsm
2053 2677 2118 2702 BD
2130 2691 2163 2696 —
2175 2675 2219 2702 28.
2264 2672 2269 2678 ‘

381 2717 472 2742 discat
490 2719 518 2743 P
533 2731 566 2737 —-
585 2726 626 2751 33.
646 2718 727 2743 debet
745 2719 777 2743 hi
799 2718 823 2742 C
839 2732 871 2737 —
890 2723 933 2751 35.
952 2719 1125 2744 chehennam
1147 2721 1213 2744 C—
1233 2720 1274 2753 36.
1294 2718 1434 2754 golafros]
1454 2721 1592 2754 golistros
1617 2721 1682 2745 BD
1701 2734 1711 2739 -
1730 2721 1822 2745 Anake
1843 2721 1869 2744 in
1890 2719 2047 2752 queet’altro
2066 2720 2149 2753 luogo
2167 2719 2220 2744 Pe

344 2763 358 2789 5
386 2758 409 2782 C
429 2760 514 2785 hanno
531 2760 670 2785 scambt‘ato
687 2760 817 2785 Thimini
835 2769 850 2785 e
867 2760 981 2786 Temini
995 2763 1048 2792 per
1066 2762 1193 2792 Tunicii,
1212 2764 1281 2788 assia
1299 2763 1324 2788 il
1339 2771 1414 2788 nome
1433 2763 1480 2788 del
1496 2770 1528 2787 re
1543 2764 1632 2788 Temtn
1641 2767 1693 2795 per
1707 2763 1810 2791 Tum'si,
1823 2763 1852 2788 la
1864 2763 1942 2794 quale
1953 2762 2009 2786 solo
2021 2762 2095 2787 nella
2107 2761 2220 2786 “conda
2259 2775 2264 2790 ς

384 2801 454 2825 meta
471 2801 516 2825 del
531 2803 612 2826 secolo
632 2802 724 2832 XIII,
743 2802 808 2834 dopo
826 2803 857 2828 la
873 2803 970 2827 eaduta
987 2803 1068 2835 degli
1084 2803 1179 2832 Ziriti,
1198 2804 1311 2829 divennae
1330 2806 1359 2830 la
1375 2806 1496 2837 capitale
1514 2805 1564 2829 del
1577 2812 1661 2837 regno
1681 2818 1714 2822 —
1738 2810 1781 2837 37.
1801 2803 1941 2838 palantes]
1966 2804 2130 2837 pelsgantes
2154 2802 2221 2827 BD
2259 2823 2263 2833 2

472 2900 479 2917 ¹
500 2902 555 2927 Fra
573 2903 584 2927 1
603 2904 696 2928 codici
715 2905 745 2929 vi
757 2902 772 2928 ὲ
785 2904 967 2936 discrepanza
987 2903 1061 2929 circa
1079 2904 1107 2929 la
1126 2904 1192 2930 data
1211 2905 1269 2930 del·
1409 2904 1421 2922 ²
1439 2907 1463 2930 Il
1481 2907 1618 2938 Ducange
1638 2907 1759 2938 registra
1777 2909 1892 2937 strapas,
1913 2913 1956 2930 ma
1977 2913 2035 2930 non
2061 2904 2107 2930 nel
2129 2905 2221 2938 algni-
2258 2914 2271 2924 -
2293 2907 2294 2910 ’

387 2941 517 2967 l'sssedio
536 2944 565 2968 di
583 2942 736 2969 Taormina
755 2943 846 2978 (prov.
865 2945 894 2969 di
915 2944 1060 2977 Messius),
1079 2952 1124 2969 ma
1142 2945 1165 2970 il
1194 2952 1268 2979 1079,
1322 2947 1404 2972 ficato
1423 2948 1578 2981 adoperato
1598 2949 1646 2980 qui
1665 2948 1711 2972 dal
1732 2948 1788 2978 Μ.;
1807 2948 1835 2973 al
1855 2948 1921 2980 qual
1948 2947 2109 2979 significato
2129 2947 2220 2972 corri-
2252 2950 2271 2979 ζ

388 2984 455 3008 dato
473 2984 519 3009 dal
539 2985 599 3010 cod.
618 2985 650 3015 Β,
669 2986 778 3018 seguito
797 2986 833 3010 da
851 2987 888 3015 D,
906 2985 922 3011 ὲ
940 2986 1037 3010 l’anno
1056 2987 1176 3019 preciso.
1322 2990 1473 3021 spondono
1494 2991 1593 3014 invece
1612 2990 1622 3014 i
1642 2990 1764 3014 derivati
1785 2993 1943 3020 strupatura
1961 2997 1976 3014 e
1994 2992 2160 3020 stropaeura.
2259 2983 2262 2992 Χ
