2320 3424
191 405 218 427 A,
234 410 246 427 ,ς
255 410 268 423 ν

167 718 241 741 Μυκη
258 724 294 742 551

929 216 1202 252 GAUFREDI
1232 213 1609 250 MALATERRAE

350 290 2188 302 ....................................................................................................................................................................................................

434 340 494 373 VI.
519 359 559 363 —-—
584 340 776 372 Audientes
799 339 914 382 itaque
936 339 1024 370 inter
1050 338 1138 371 duos
1161 337 1405 369 famosissimos
1420 336 1606 378 principes,
1623 335 1826 379 Capuanum
1842 337 2008 370 videlicet
2024 344 2059 371 et
2076 337 2190 371 Saler-

350 394 512 431 nitanum‚
537 392 742 435 quibusdam
765 390 1026 424 'controversiis
1048 389 1316 432 insurgentibus,
1339 388 1535 421 inimicitias
1558 388 1774 428 efferbuisse,
1798 399 1902 422 causa
1923 390 2112 423 militariter
2128 391 2191 424 ali-

347 447 430 489 quid
454 445 623 484 lucrandi,
647 445 728 488 quia
751 445 953 486 Capuanum
977 443 1192 481 viciniorem,
1217 442 1272 474 via
1289 453 1356 486 qua
1372 448 1551 481 venerant,
1568 442 1802 482 inveniemur,
1819 442 1987 486 Capuano
2002 455 2076 477 sese
2092 444 2192 478 obtu-

346 500 466 532 lerunt.
513 498 583 531 Ubi
607 497 855 540 aliquantisper
878 497 1092 534 commorati,
1116 505 1193 527 cum
1210 496 1319 527 multa
1334 501 1484 533 strenue,
1500 495 1778 528 remuneratione
1794 502 1952 539 accepta,
1967 498 2192 541 peregissent,

345 553 531 585 tenacitate
555 551 710 593 Capuani
735 550 884 594 cognita,
908 550 969 582 illo
993 555 1121 592 spreto,
1145 549 1190 581 ad
1213 549 1351 592 gagiam
1376 547 1586 581 Salernitani
1602 549 1770 591 principis
1786 550 1992 583 transierunt
2006 551 2028 583 ¹.
2073 551 2107 583 A
2123 561 2192 595 quo

346 607 509 639 decenter
531 605 680 646 suscepti
705 609 846 646 propter
869 603 1050 636 militarem
1075 602 1224 640 laudem,
1248 612 1337 644 quae
1361 601 1429 645 jam
1452 602 1545 644 ipsos
1567 612 1631 644 per
1646 602 1842 635 universam
1858 602 2023 646 Apuliam
2038 604 2194 637 famosis-

345 659 448 691 simos
472 659 650 697 effecerat,
674 663 709 690 et
731 656 876 689 maxime
900 656 982 700 quia
1005 655 1049 687 ab
1073 655 1271 687 inimicante
1295 654 1362 687 sibi
1378 655 1538 697 principe
1561 656 1607 687 ad
1622 665 1659 688 se
1677 655 1894 694 transierant,
1910 657 2025 689 multis
2041 657 2195 691 donariis

345 713 390 744 ad
413 711 612 743 fidelitatem
637 711 710 743 eius
732 710 946 748 inflammati,
970 709 1115 742 diversis
1139 714 1174 740 et
1197 707 1328 740 crebris
1350 708 1624 741 incursionibus'
1649 709 1834 751 Capuanos
1851 710 2068 750 lacessentes,
2085 716 2192 744 totam

343 764 556 807 provinciam
584 782 619 786 —
645 774 686 796 ac
710 763 738 795 si
761 763 928 806 pestilens
952 762 1131 794 calamitas
1155 762 1337 794 detonaret
1361 779 1402 784 —
1426 767 1623 795 terruerunt
1658 763 1944 806 circumquaque3
1976 769 2011 796 et
2042 763 2194 797 Salerni-

346 819 416 850 tani
439 818 564 859 passim
588 817 732 860 injurias
763 815 931 860 principis
961 815 1176 856 ulciscentes,
1208 814 1377 847 indefessi
1408 814 1501 847 idem
1532 816 1653 848 facere
1682 815 1904 855 addiderunt,
1927 817 1964 848 in
1995 823 2195 860 tantumque

345 871 553 904 rebellantes
576 876 677 904 antea
700 870 848 913 principi
872 875 1170 912 compescuerunt,
1194 867 1244 901 'ut
1267 868 1382 901 omnia
1406 869 1673 912 circumquaque
1696 876 1822 912 pacata
1844 869 1983 903 silerent
1994 870 2016 903 ¹.

432 923 738 967 Longobardorum
764 933 847 955 vero
863 933 952 966 gens
967 922 1193 961 invidissima‚
1211 928 1245 954 et
1261 932 1396 964 semper
1413 931 1663 965 quemcumque
1678 922 1824 965 probum
1840 929 2035 966 suspectum
2052 923 2196 964 habens,

345 979 438 1020 ipsos
460 977 554 1020 apud
578 977 726 1010 eundem
748 976 957 1019 principem,
980 975 1121 1008 inimico
1146 975 1250 1008 dente
1273 975 1431 1014 rodente,
1454 976 1592 1008 occulto
1616 975 1855 1015 detrahebant,
1872 983 2096 1020 suggerentes
2111 987 2195 1021 qua-

345 1038 442 1064 tenus
465 1041 524 1063 eos
547 1042 566 1062 a
590 1041 626 1063 se
648 1030 843 1073 repelleret,
868 1040 911 1061 ne
936 1029 1068 1062 faceret
1090 1029 1197 1061 facile
1220 1029 1375 1061 futurum
1399 1029 1523 1068 scelus,
1547 1035 1584 1061 ut
1607 1039 1692 1072 gens
1715 1035 1831 1062 tantae
1848 1030 1993 1062 astutiae
2008 1036 2196 1074 tantaeque

344 1085 561 1123 strenuitatis,
585 1084 752 1116 addentes
776 1083 878 1116 etiam
901 1094 943 1115 ex
968 1083 1018 1115 sui
1043 1083 1158 1115 cordis
1181 1082 1310 1115 malitia
1333 1089 1449 1115 tantae
1472 1083 1651 1126 perfidiae,
1682 1090 1730 1121 ut,
1757 1084 1917 1126 principe
1948 1084 2195 1124 exhaeredato,

346 1139 420 1181 ipsi,
444 1149 504 1170 sua
529 1137 728 1176 calliditate,
752 1137 966 1169 haereditate
991 1136 1157 1179 principis
1173 1136 1377 1178 potirentur.
1423 1136 1528 1169 Unde
1546 1143 1580 1169 et
1604 1147 1667 1169 cor
1689 1137 1873 1180 principis,
1896 1137 2027 1171 eisdem
2050 1137 2196 1172 artibus'

347 1192 521 1228 imbutum,
552 1191 656 1223 facile
687 1191 723 1222 in
755 1190 906 1223 deterius
936 1189 1092 1232 proclive
1123 1195 1339 1232 pervertunt.
1386 1190 1458 1223 Sed
1489 1191 1664 1232 princeps,
1698 1190 1864 1234 quamvis,
1895 1191 2011 1233 pravis
2042 1192 2195 1225 consiliis

344 1255 482 1278 suorum
506 1243 707 1283 assentiens,
731 1244 826 1286 quod
857 1243 1085 1276 hortabantur
1119 1244 1239 1275 facere
1274 1243 1466 1281 moliretur,
1498 1250 1612 1276 tamen
1642 1244 1878 1276 strenuitatem
1910 1255 2030 1277 eorum
2059 1245 2195 1284 timens,

343 1299 438 1340 quod
461 1298 574 1330 animo
598 1296 735 1329 occulte
759 1296 896 1340 agebat,
920 1296 1031 1329 minus
1054 1296 1090 1328 in
1114 1296 1298 1339 propatulo
1324 1297 1460 1339 aperire
1483 1297 1727 1339 praesumebat
1738 1297 1759 1330 ³.

433 1396 510 1428 VII.
535 1413 576 1418 -
601 1395 781 1428 Maniacus
803 1400 918 1428 autem
941 1395 1092 1438 quidam,
1116 1395 1256 1427 natione
1279 1405 1437 1438 graecus,
1462 1406 1482 1427 a
1498 1395 1890 1438 Constantinopolitano
1906 1396 2115 1439 imperatore
2131 1395 2195 1434 his,

344 1460 431 1494 quae
454 1449 548 1492 apud
571 1448 768 1482 Calabriam
791 1450 847 1481 vel
871 1454 965 1481 certe
990 1447 1154 1490 Apuliam
1178 1454 1276 1480 erant
1302 1448 1354 1480 sui
1384 1447 1477 1492 juris,
1508 1449 1718 1491 praefectus,
1751 1448 1903 1481 Siciliam
1936 1450 1982 1482 ad
2011 1449 2196 1483 utilitatem

343 1502 545 1536 debellandi
568 1501 743 1545 applicare
767 1502 964 1544 disponens,
987 1502 1231 1545 undecumque
1254 1501 1319 1533 sibi
1341 1501 1468 1534 auxilia
1492 1502 1657 1534 conducit
1668 1501 1691 1534 ⁴.
1737 1502 1842 1535 Unde
1859 1508 1893 1534 et
1909 1513 1951 1536 ex
1968 1508 2068 1546 parte
2083 1503 2196 1547 Impe-

342 1556 467 1589 ratoris
490 1555 707 1588 salernitano
730 1555 891 1597 principi,
914 1561 952 1587 ut
975 1556 1089 1587 amico
1112 1555 1245 1597 imperii
1259 1554 1283 1595 ⁵,
1307 1555 1460 1594 mandat,
1492 1561 1662 1599 quatenus
1692 1556 1796 1598 ipsos,
1826 1567 1890 1598 per
1921 1566 2008 1599 quos
2037 1556 2196 1590 inimicos

344 1620 423 1643 suos
445 1620 522 1642 eum
546 1608 774 1642 debellavisse
799 1609 893 1641 fama
917 1615 1001 1647 erat,
1025 1609 1060 1640 in
1084 1608 1249 1641 auxilium
1273 1609 1382 1641 sancti
1407 1609 1549 1651 Imperii
1571 1609 1696 1648 mittat,
1720 1610 1925 1652 promittens
1952 1609 2055 1642 etiam
2079 1609 2196 1643 multis

344 1663 506 1705 praemiis
521 1672 579 1695 eos
594 1662 875 1695 remunerandos.
921 1661 1091 1704 Princeps
1105 1667 1231 1700 autem,
1248 1667 1370 1694 nactus
1386 1661 1607 1694 occasionem
1625 1672 1693 1704 qua
1708 1662 1853 1695 honeste
1870 1673 1930 1695 eos
1946 1673 1966 1695 a
1981 1673 2019 1694 se
2035 1661 2196 1701 dimittat,

336 1717 450 1760 ,jactat
472 1726 646 1748 assensum
671 1714 715 1747 ad
739 1716 833 1758 quod
856 1722 995 1758 rogatus
1017 1721 1107 1752 erat;
1132 1716 1300 1755 hortatur,
1316 1715 1481 1758 praemia,
1498 1725 1586 1758 quae
1603 1715 1845 1758 pollicebatur,
1861 1721 1899 1748 ut
1915 1726 1974 1748 eos
1990 1716 2038 1749 ad
2052 1716 2091 1749 id
2106 1716 2196 1749 faci-

345 1770 411 1801 lius
433 1769 598 1812 impellat,
622 1768 734 1801 verbis
757 1779 972 1807 enumerans,
996 1768 1098 1801 etiam
1115 1769 1158 1801 de
1176 1769 1244 1804 suis
1260 1769 1457 1811 pollicetur.
1504 1768 1614 1801 Porro
1630 1769 1690 1806 illi.
1706 1779 1776 1802 non
1790 1774 1923 1802 tantum
1939 1769 2084 1812 imperio
2100 1769 2197 1813 priu-

297 1843 299 1845 -
346 1823 431 1866 cipis
453 1828 616 1866 quantum
638 1833 699 1865 spe
724 1832 841 1854 eorum
866 1833 954 1865 quae
976 1821 1228 1865 pollicebantur
1251 1822 1368 1860 illecti,
1392 1822 1569 1865 apparatis
1592 1832 1681 1866 quae
1704 1823 1901 1855 necessaria
1924 1828 2034 1861 erant,
2050 1822 2096 1856 ad
2119 1822 2195 1856 Ma-

288 2340 319 2357 10

288 2554 317 2579 ¹5

288 2765 320 2782 20

288 2971 319 2996 25

436 1926 458 1943 ι.
477 1918 612 1943 videlicet
629 1926 679 1942 om.
698 1918 760 1942 BD
774 1931 806 1936 —
826 1925 851 1949 3.
871 1916 1037 1950 Capuanum
1055 1925 1105 1942 om.
1124 1918 1222 1942 PAD
1242 1931 1250 1935 -
1270 1919 1319 1943 via
1337 1925 1386 1942 om.
1406 1918 1430 1942 A
1443 1919 1467 1944 C
1484 1931 1493 1936 -
1513 1918 1676 1949 veniebant,
1689 1919 1764 1942 viam
1779 1918 1964 1942 invenierunt
1978 1918 2017 1948 P}
2031 1918 2192 1948 venIebant,

345 1962 516 1985 invenerunt
534 1962 600 1985 BD
617 1973 651 1979 —
671 1968 694 1991 4.
714 1960 870 1992 aliquantis
889 1960 1108 1993 percommorati
1127 1961 1155 1984 P
1168 1973 1199 1978 -
1219 1967 1243 1993 5.
1263 1960 1297 1984 ad
1317 1959 1523 1989 Guaimarium,
1542 1960 1652 1985 Salerni
1667 1960 1830 1993 Principem
1843 1960 1904 1985 ΡΑ
1918 1960 1941 1984 C
1952 1973 1985 1979 —
1997 1968 2023 1993 9.
2036 1960 2192 1993 denotaret,

345 2003 524 2028 adtriverunt
536 2004 606 2027 Ρ-
624 2010 665 2027 ιο.
678 2003 818 2027 indefensi
837 2003 863 2026 B
875 2001 933 2027 CD
946 2015 955 2020 -
969 2003 1120 2027 adiverunt
1138 2004 1166 2027 P
1185 2017 1215 2020 —
1237 2009 1278 2027 Π,
1299 2010 1327 2027 se
1347 2004 1447 2035 pacata
1467 2003 1564 2027 PBD
1582 2016 1592 2021 -
1611 2003 1729 2027 silerent
1740 2010 1790 2028 om.
1802 2003 1830 2027 D
1849 2016 1882 2021 —
1904 2009 1944 2028 12.
1965 2003 2193 2028 invidiosissima

343 2046 406 2070 PC
418 2060 448 2064 -
465 2053 504 2078 ¹3·
518 2046 665 2070 mordente
684 2046 712 2069 P
728 2058 760 2063 -
784 2052 822 2078 14·
843 2052 877 2069 ne
898 2043 1012 2078 faceret]
1030 2045 1080 2070 cori
1098 2046 1122 2069 Α
1134 2046 1213 2074 Βος
1234 2046 1310 2077 quod
1330 2047 1359 2069 ni
1381 2046 1418 2075 P;
1434 2046 1492 2070 nisi
1512 2045 1600 2070 saciat
1623 2045 1645 2069 C
1661 2058 1673 2064 -
1691 2045 1783 2070 scelus
1801 2053 1850 2070 om.
1869 2046 1931 2071 ΡΑ
1944 2058 1977 2063 -
1994 2052 2082 2078 14-15.
2094 2047 2193 2071 tantae

344 2089 522 2113 strenuitatis
541 2089 569 2112 P
586 2101 617 2105 -
641 2092 680 2118 ις.
699 2087 793 2112 cordis
811 2087 1006 2112 habundantia
1027 2089 1092 2112 BD
1111 2102 1143 2106 ——
1161 2086 1198 2112 18.
1215 2085 1342 2121 illorum]
1357 2089 1395 2117 P,
1409 2095 1507 2112 eorum
1521 2088 1546 2112 Α
1567 2102 1591 2105 -
1609 2094 1649 2119 19.
1664 2087 1772 2120 aperire
1785 2095 1834 2112 om.
1847 2087 1909 2112 BD
1922 2100 1954 2105 --
1970 2094 2011 2112 20.
2025 2095 2092 2113 vero
2105 2088 2169 2113 BD
2181 2101 2193 2107 -

345 2130 619 2162 Constantinopolis
638 2130 700 2154 BD
719 2144 751 2147 —
772 2137 813 2154 22.
833 2130 1007 2163 applicando
1028 2130 1052 2154 A
1067 2130 1090 2154 C
1107 2143 1116 2148 -
1136 2130 1277 2154 conduxit
1296 2131 1325 2154 Ρ
1344 2143 1373 2148 —
1396 2137 1437 2163 ²4·
1456 2137 1519 2154 eum
1538 2137 1586 2154 om.
1607 2130 1668 2155 ΡΑ
1680 2130 1703 2154 C
1715 2143 1724 2148 -
1738 2128 1840 2163 sancti]
1853 2130 1896 2154 sui
1910 2131 1958 2154 P·
1974 2130 2154 2162 imperatoris
2166 2130 2195 2155 D

346 2187 378 2191 —
399 2179 440 2205 25.
453 2171 512 2197 eos'
526 2180 574 2197 om.
590 2174 616 2197 P
627 2186 660 2190 —
675 2171 716 2198 26.
729 2173 818 2206 jactat
837 2171 993 2206 assensum]
1012 2172 1039 2196 B
1049 2174 1093 2203 ὓς
1106 2175 1191 2197 vocat
1203 2174 1355 2198 accessitos
1369 2174 1396 2197 P
1408 2187 1440 2191 —
1455 2171 1544 2205 27-28.
1565 2180 1621 2197 non
1641 2174 1699 2198 tam
1711 2190 1717 2197 .
1728 2191 1734 2197 .
1745 2192 1750 2197 .
1761 2189 1768 2197 .
1788 2179 1871 2204 quam
1891 2173 1950 2197 ΡΑ
1964 2174 1988 2198 C
1998 2186 2031 2190 —-
2045 2171 2087 2198 28.
2099 2173 2193 2198 illecti

344 2223 392 2239 om.
411 2215 473 2239 BD
491 2228 500 2233 -
521 2222 659 2248 apparens
677 2222 709 2239 ea
726 2215 755 2239 D

347 2291 360 2303 “
373 2291 536 2315 Tancredus
555 2290 588 2315 de
607 2290 749 2315 Altavilla
769 2291 802 2315 de
815 2298 888 2323 pago
903 2291 1099 2316 Constantino
1111 2310 1116 2315 .
1128 2310 1133 2315 .
1145 2308 1152 2316 .
1164 2309 1179 2321 .,
1192 2291 1241 2323 qui

347 2334 359 2346 “
372 2334 405 2358 de
425 2334 532 2358 duabus
546 2333 682 2366 legitimis
696 2333 841 2362 uxoribus,
855 2340 924 2365 quas
938 2333 1170 2366 desponsaverat,
1185 2334 1241 2358 duo

348 2376 361 2389 “
372 2376 461 2400 decim
475 2375 550 2400 filios
564 2376 713 2407 pluresque
725 2375 785 2400 filia
798 2376 913 2400 habult:
927 2383 1045 2407 quorum
1060 2377 1109 2400 uni
1125 2377 1241 2400 nomine

348 2418 360 2431 “
371 2417 518 2442 Golffredo
542 2419 676 2450 paternae
694 2417 879 2442 haereditatis
899 2425 982 2450 agros
996 2418 1137 2442 concessit
1149 2427 1154 2447 ;
1168 2418 1240 2442 alio-

348 2460 361 2474 “
372 2467 439 2492 sque
458 2468 564 2489 omnes,
584 2462 614 2484 ut
633 2462 713 2484 extra
726 2460 819 2484 solum
833 2468 873 2490 ea,
891 2460 993 2492 quibus
1014 2461 1185 2492 indigerent,
1199 2461 1241 2484 vi-

347 2502 360 2515 “
373 2503 449 2527 ribus
468 2504 495 2527 et
515 2510 597 2527 sensu
622 2503 677 2527 sibi
704 2503 894 2531 vindicarent,
915 2503 1064 2527 admonuit
1074 2519 1099 2535 „.

433 2543 442 2560 ¹
456 2544 600 2570 Pandolfo
614 2544 652 2569 IV
663 2545 693 2570 di
707 2545 805 2577 Capua
818 2553 831 2569 e
846 2544 1002 2569 Guaimaro
1016 2545 1055 2569 1v
1068 2545 1099 2570 di
1112 2545 1241 2570 Salerno.

431 2585 442 2603 ²
464 2587 584 2616 ΑΜΑτο,
604 2587 637 2618 11,
658 2595 688 2619 3:
705 2587 718 2600 “
729 2589 756 2612 et
769 2587 921 2611 haucerent
934 2587 963 2611 la
976 2587 1102 2619 signorie
1116 2595 1163 2612 sur
1176 2590 1241 2612 tous

347 2629 359 2641 ‘⁴
374 2629 394 2652 li
415 2629 526 2661 princes
537 2647 561 2660 „.

432 2669 443 2686 ³
462 2671 585 2696 Sebbene
602 2672 645 2703 gli
663 2671 870 2700 avvenimentl,
895 2678 948 2704 pur
975 2672 1240 2703 imporhmtisslmi,

347 2713 389 2737 del
414 2713 526 2746 1038-39
541 2721 597 2737 non
617 2714 759 2738 rientrino
779 2714 979 2738 direttamente
999 2714 1043 2738 nei
1063 2714 1153 2738 limiti
1166 2714 1242 2739 della

347 2762 395 2779 sua
415 2757 587 2784 narrazione.
608 2755 630 2780 il
650 2756 687 2780 M.
706 2755 721 2780 ὲ
740 2757 788 2788 qui
808 2758 912 2789 troppo
932 2756 1162 2781 srammentario:
1183 2764 1241 2781 sor-

347 2797 414 2821 vola
432 2797 538 2829 pertine
558 2797 787 2822 sull'intervento
806 2798 1046 2831 dell'lmperatore
1067 2797 1195 2823 Corrado
1214 2799 1241 2823 11

346 2845 361 2862 e
379 2839 450 2863 sulle
469 2839 606 2863 relazioni
625 2847 703 2864 corse
722 2841 766 2864 tra
786 2840 835 2871 lui,
856 2840 867 2864 i
886 2840 1010 2873 principi
1031 2840 1211 2872 longobardi,
1232 2842 1239 2865 i

348 2881 506 2905 Normanni
524 2889 539 2905 e
558 2882 697 2906 l’abbazia
717 2882 745 2907 <li
773 2882 992 2907 Montecassino.
1031 2881 1077 2907 Cf.
1103 2883 1240 2912 Wiromz,

354 2921 412 2946 Vita
434 2922 599 2951 chuonradi,
618 2923 648 2947 in
667 2923 705 2947 M.
727 2924 760 2948 G.
781 2923 818 2949 H.
837 2923 896 2954 SS.‚
914 2924 963 2951 XI,
983 2930 1047 2956 ²54³
1067 2923 1187 2954 Ammo,
1207 2925 1241 2955 11,

350 2970 373 2995 5,
391 2963 408 2988 6
426 2972 440 2988 e
460 2971 489 2997 73
510 2965 571 2989 Lao
585 2964 732 2995 Osrrsrrs„
749 2965 894 2990 Obramoa
908 2967 1067 2990 Monastm'i'
1081 2965 1242 2996 casinensis,

349 3007 378 3030 in
398 3006 435 3030 M.
462 3006 495 3031 G.
519 3008 560 3033 “Η.
577 3006 641 3036 SS„
659 3007 720 3037 vn,
739 3013 773 3039 ιι,
792 3007 834 3040 63.
870 3007 903 3032 V.
923 3008 1031 3033 lnoltre
1050 3008 1084 3032 Α.
1104 3009 1143 3032 Di
1162 3009 1241 3040 Meo,

1295 2291 1405 2320 Annali,
1426 2292 1485 2320 VII,
1504 2298 1564 2324 245,
1579 2297 1628 2322 252
1638 2301 1643 2320 ;
1653 2291 1678 2323 J.
1692 2290 1768 2320 Gnv,
1781 2290 1897 2315 L'ltatr'a
1910 2291 2082 2315 meridionale
2093 2299 2107 2315 e
2119 2291 2196 2316 l‘luu-

1290 2337 1355 2365 pero
1373 2334 1505 2358 bisamino
1518 2333 1694 2358 dalt'azmento
1706 2334 1737 2357 di
1751 2333 1850 2358 Basilio
1870 2333 1887 2357 I
1895 2333 1950 2357 atla
1963 2341 2020 2357 rem
2033 2334 2065 2357 di
2079 2333 2152 2358 Bari
2167 2333 2198 2357 ai

1295 2376 1450 2400 Normanm'
1462 2375 1626 2408 (867-1071)‚
1640 2376 1711 2400 trad.
1727 2376 1798 2406 ital„
1811 2376 1936 2406 1⁴'irenze‚
1958 2380 2034 2408 1917,
2048 2383 2112 2408 pag.
2125 2381 2195 2407 4173

1296 2418 1333 2442 M.
1352 2419 1472 2447 ScuirA,
1491 2418 1666 2450 Sull’origine
1684 2418 1728 2442 del
1740 2419 1829 2450 primo
1848 2418 1937 2442 nucleo
1949 2417 2020 2442 aella
2038 2418 2196 2443 Monarckla

1296 2460 1435 2490 Siciliam,
1448 2462 1512 2485 estr,
1527 2460 1605 2493 dagli
1619 2461 1700 2485 Atti
1717 2461 1818 2485 della
1832 2460 1854 2484 R
1866 2479 1872 2485 .
1886 2461 1970 2485 Acc.
1985 2460 2022 2485 di
2034 2459 2061 2484 A
2073 2460 2195 2486 rcheo—

1295 2503 1413 2536 logia,
1426 2502 1574 2527 Lettere
1587 2511 1601 2527 e
1614 2502 1718 2527 Belle
1731 2503 1815 2527 Arti
1829 2503 1866 2527 di
1879 2502 2033 2534 Napoli,
2046 2502 2106 2527 vol.
2119 2502 2195 2532 VIII,

1299 2552 1374 2579 ¹9²0,
1394 2552 1421 2579 Ρ·
1442 2551 1456 2578 5
1478 2553 1536 2578 ⁸88·

1383 2585 1393 2601 ⁴
1412 2587 1542 2620 Strategii
1561 2594 1579 2612 ο
1599 2589 1739 2620 catapano
1759 2587 1805 2611 dei
1828 2587 1915 2612 themi
1941 2587 2083 2612 bizantini
2110 2586 2194 2612 d’lta-

1296 2630 1336 2654 lia
1354 2637 1410 2658 era,
1430 2629 1642 2662 precisamente,
1663 2629 1708 2653 nel
1724 2636 1801 2662 1039,
1815 2629 1936 2654 Michele
1949 2629 2085 2654 Docenno
2100 2628 2196 2661 (Lm’o

1294 2671 1502 2703 Pao’rosi’ATA,
1520 2672 1552 2696 ln
1565 2671 1604 2697 M.
1626 2672 1659 2696 G.
1674 2671 1712 2697 H.
1730 2671 1793 2700 SS.,
1807 2672 1840 2701 V,
1855 2672 1889 2696 ad
1903 2670 1996 2703 ann.);
2012 2679 2056 2696 ma
2070 2671 2194 2704 Glorglo

1295 2714 1427 2739 Manlace
1446 2722 1492 2739 era
1511 2716 1617 2739 venuto
1638 2714 1668 2738 in
1687 2714 1774 2738 Italia
1788 2722 1843 2739 con
1857 2715 1935 2747 pieni
1949 2715 2053 2746 poteri.
2089 2713 2194 2739 Insatti

1296 2756 1425 2781 Cedreno
1443 2755 1801 2788 (sununs-Cromnos,
1826 2754 1962 2789 Ἐπιτομὴ
1988 2754 2126 2788 ἱστοριῶν,
2151 2747 2194 2781 ed.

1295 2799 1426 2828 Burcana,
1446 2799 1475 2823 in
1499 2800 1600 2830 Corpus
1617 2799 1708 2831 script.
1723 2799 1857 2823 Historiae
1870 2799 1933 2831 bys„
1949 2799 1983 2828 ΙΙ,
1997 2800 2069 2831 514),
2085 2798 2114 2823 lo
2133 2805 2193 2832 pre-

1296 2843 1376 2866 senta
1395 2849 1474 2866 come
1493 2839 1651 2874 στρατηγὸς
1668 2839 1860 2873 αὐτοκράτως.

1384 2882 1395 2899 ⁵
1415 2883 1538 2913 ΑΜΑτο,
1557 2884 1591 2913 ΙΙ,
1610 2883 1640 2908 8:
1664 2883 1677 2897 ⁸
1688 2883 1730 2908 La
1743 2881 1853 2916 poteste
1869 2881 2017 2916 imperiale
2030 2890 2059 2908 se
2072 2883 2194 2908 humilia

1298 2923 1338 2949 “a
1357 2927 1454 2958 proier
1473 2926 1558 2950 l'aide
1577 2926 1611 2950 de
1630 2924 1770 2954 Gaim'ere‚
1792 2926 1818 2950 la
1838 2925 1902 2957 quel
1928 2926 2052 2959 petition
2080 2925 2194 2951 vouloit

1298 2967 1312 2981 ¹‘
1322 2966 1462 3000 Gaymere
1482 2967 1601 3001 semplir
1611 2984 1638 2999 „.

2221 818 2261 851 10
2270 859 2276 866 „

2222 1084 2261 1118 15

2218 1397 2292 1429 20’

2218 1661 2291 1695 25’

2222 2425 2258 2451 30

2221 2638 2255 2666 35

2220 2848 2257 2874 4ο
