2320 3424
219 467 251 491 D,
266 473 314 492 95⁹

208 626 282 650 Mum,
297 626 335 650 556

236 1037 311 1061 C,6r

390 231 438 266 20
963 225 1237 262 GAUFREDI
1263 221 1643 260 MALATERRAE
1925 223 2009 261 [ΑΛ.
2030 225 2224 262 ιοεσ-ιοεη

474 350 605 384 XXIII.
628 368 669 373 —
692 349 864 393 Rogerius
887 348 1014 390 itaque,
1039 357 1116 380 cum
1140 346 1234 389 quod
1263 344 1428 377 militibus
1451 343 1520 375 suis
1542 342 1728 386 largiretur
1756 341 1869 374 minus
1885 341 2090 380 abundaret,
2106 347 2141 375 et
2155 342 2224 386 ipsi

387 404 450 436 sibi
471 404 507 435 in
530 403 701 447 exigendo
724 401 989 444 importuniores
1013 405 1136 438 essent,
1162 410 1181 431 a
1211 399 1321 430 fratre
1350 396 1493 440 expetit.
1538 395 1601 428 Ille
1631 405 1727 433 vero,
1757 405 1942 438 pravorum
1973 395 2115 429 consilio
2144 406 2225 429 usus

387 467 504 489 versus
528 467 614 494 eum,
638 466 715 488 cum
739 454 886 487 caeteris
909 453 1025 496 largus
1048 458 1149 491 esset,
1173 451 1237 483 'illi
1267 451 1419 484 strictior
1446 459 1548 492 quam
1579 449 1763 491 oportebat
1793 459 1868 481 esse
1899 448 2024 492 coepit.
2073 448 2224 483 Videbat

385 509 544 552 denique,
568 513 709 551 propter
730 506 966 540 strenuitatem
990 516 1092 550 quam
1115 504 1275 542 habebat,
1299 503 1453 536 militiam
1474 502 1638 545 juvenum
1653 502 1757 535 totius
1771 501 1919 544 Apuliae
1935 501 1978 540 ei,
1993 502 2108 545 potius
2123 512 2226 546 quam
2314 532 2318 536 ,

384 562 460 602 sibi,
483 562 687 594 adhaerere:
711 560 815 598 unde,
838 565 873 592 et
895 569 939 591 ne
964 565 1085 591 contra
1108 567 1145 590 se
1168 557 1394 590 insolesceret
1415 554 1602 594 metuebat,
1625 561 1671 594 et,
1694 560 1732 587 ut
1754 555 1878 598 paucis
1899 561 2085 589 contentus
2107 565 2226 589 secum
2271 555 2289 588 5
2313 603 2316 606 Δ

383 620 580 652 moraretur,
603 613 747 656 penuria
771 622 897 656 cogere
921 611 1069 645 volebat.
1117 610 1243 643 'Porro
1267 609 1335 651 ille,
1359 614 1398 642 ut
1420 608 1540 651 magni
1564 608 1668 640 animi
1692 612 1777 646 erat,
1799 608 1913 641 sciens
1934 618 1972 641 se
2002 609 2053 641 sic
2076 620 2097 641 a
2119 609 2225 642 fratre
2314 610 2317 617 ²

385 667 536 706 tractari,
559 673 597 699 ut
622 666 831 710 degenerem
860 666 915 698 vel
945 665 1135 708 indignum,
1167 663 1237 706 qui,
1267 662 1439 706 gradatim
1470 662 1516 694 ad
1539 661 1620 700 alta,
1642 666 1681 693 ut
1711 661 1768 694 ille
1798 662 1944 700 fecerat,
1974 667 2010 695 et
2038 663 2109 706 jam
2139 661 2227 705 ipse,

383 721 521 753 fortuna
544 719 610 752 sibi
632 719 785 757 favente,
809 718 1002 756 scanderet,
1026 717 1114 749 irato
1137 717 1252 748 animo
1277 726 1297 747 a
1321 715 1428 748 fratre
1451 715 1632 754 recedens,
1655 714 1693 746 in
1716 713 1879 757 Apuliam
1903 725 1939 747 se
1963 715 2121 748 contulit.

471 812 604 846 XXIV.
628 831 668 836 ——
693 811 799 850 Quod
821 811 964 845 audiens
986 811 1096 842 frater
1119 820 1199 842 suus
1223 808 1438 847 Guillelmus,
1463 818 1577 840 comes
1598 808 1765 842 videlicet
1787 808 1891 841 totius
1914 807 2145 852 Principatus‚
2176 809 2228 842 le·
2311 853 2314 858 ‚

386 873 483 910 gatos
507 867 655 904 mittens,
680 871 718 898 ut
741 866 786 898 ad
809 875 845 897 se
868 864 996 902 veniat,
1020 863 1157 896 invitat:
1183 873 1272 906 quae
1296 861 1402 894 habet
1423 861 1523 894 simul
1546 861 1709 904 accipiat,
1726 861 1814 893 nihil
1829 872 1875 901 se,
1893 862 2049 906 exceptis
2064 873 2172 896 uxore
2188 867 2224 896 et
2250 862 2291 895 10
2306 873 2315 904 j

386 920 512 962 liberis,
535 920 579 953 ab
602 919 661 952 illo
683 919 860 962 proprium
884 918 1012 950 habere
1037 917 1127 949 velle
1151 916 1406 959 repromittens.
1452 915 1607 948 Veniens
1632 915 1762 958 itaque,
1786 915 1929 954 honore,
1960 926 2029 960 quo
2062 915 2224 956 decebat,

384 979 561 1016 susceptus
582 979 644 1005 est.
689 972 900 1015 Aliquandiu
924 981 1003 1003 cum
1024 971 1100 1013 ipso
1124 975 1365 1007 commoratuS,
1389 969 1529 1002 tandem
1553 975 1715 1007 castrum,
1739 969 1833 1012 quod
1856 969 1980 1003 Scalea
1993 969 2004 987 ¹
2027 969 2166 1010 dicitur,
2182 969 2227 1003 ab

383 1027 458 1070 ipso
480 1026 635 1069 accepit;
659 1031 801 1069 propter
831 1025 925 1068 quod
952 1023 1076 1056 multas
1106 1021 1328 1056 incursiones'
1359 1032 1478 1055 versus
1510 1022 1739 1055 Guiscardum
1771 1023 1920 1062 faciens,
1951 1023 2226 1067 circumquaque

384 1080 568 1113 lacessivit.
614 1078 720 1117 Quod
744 1088 822 1110 cum
846 1077 1039 1111 Guiscardo
1062 1077 1206 1109 relatum
1230 1076 1362 1116 fuisset,
1384 1076 1543 1108 exercitu
1566 1082 1748 1114 commoto,
1771 1076 1864 1109 idem
1888 1082 2038 1110 casu-um
2053 1076 2226 1110 obsessum

386 1134 490 1172 vadit,
506 1139 540 1165 et
563 1133 689 1166 oliveta
705 1137 740 1165 et
763 1132 893 1171 vineas,
917 1141 1006 1174 quae
1027 1130 1105 1163 urbi
1128 1130 1291 1173 contigua
1314 1135 1423 1167 erant,
1447 1135 1567 1162 vastat.
1614 1129 1821 1163 Guillelmus
1845 1135 1969 1169 autem,
1996 1131 2120 1164 milites
2151 1131 2225 1164 eius
2252 1130 2290 1164 15
2306 1130 2310 1132 ”

384 1187 512 1220 crebris
534 1185 772 1229 congressibus
788 1191 822 1218 et
838 1185 953 1218 hastili
968 1184 1092 1217 robore
1108 1184 1302 1216 militariter
1317 1183 1483 1221 deiciens,
1500 1193 1643 1216 numero
1659 1183 1845 1216 minuebat.
1890 1183 1953 1216 Ille
1969 1194 2064 1224 vero,
2079 1195 2226 1217 cernens

385 1249 422 1272 se
443 1250 561 1272 versus
581 1239 701 1271 urbem
724 1239 836 1270 minus
858 1238 1028 1281 proficere
1045 1243 1079 1270 et
1095 1248 1273 1270 numerum
1290 1246 1427 1269 suorum
1443 1236 1574 1269 cotidie
1590 1236 1699 1280 magis
1715 1237 1877 1276 deficere,
1893 1247 1936 1270 ne
1951 1236 2075 1281 maiori
2098 1236 2225 1271 damno

384 1299 594 1335 gravaretur,
617 1292 759 1325 consilio
784 1291 913 1330 habito,
937 1301 958 1323 a
980 1291 1058 1324 loco
1080 1290 1232 1323 recessit.

471 1389 586 1422 XXV.
611 1408 651 1412 —
675 1389 754 1421 Non
778 1390 885 1421 multo
908 1394 996 1431 post,
1019 1397 1083 1431 per
1105 1387 1334 1420 internuntios
1358 1398 1446 1430 pace
1469 1388 1515 1420 ad
1542 1393 1676 1430 tempus
1697 1387 1791 1420 inter
1813 1388 1906 1430 ipsos
1929 1388 2035 1428 faeta,
2062 1389 2227 1422 invitatus

385 1454 405 1475 a
428 1445 546 1481 fratre,
573 1442 745 1487 Rogerius
769 1453 846 1475 cum
870 1442 1050 1485 sexaginta
1074 1441 1239 1474 militibus
1261 1441 1339 1473 fidis
1362 1440 1427 1473 sibi
1453 1441 1615 1474 servitum
1647 1441 1753 1480 vadit,
1783 1440 1843 1474 ubi
1871 1442 2011 1484 quidem
2041 1442 2225 1485 plurimum
2249 1444 2292 1477 20

384 1496 604 1539 penuriarum
626 1506 745 1538 passus
767 1501 830 1535 est,
854 1496 916 1527 sed
939 1495 1121 1527 latrocinio
1145 1495 1393 1538 armigerorum
1407 1505 1545 1527 suorum
1561 1495 1598 1527 in
1612 1495 1727 1527 multis
1743 1494 2007 1528 sustentabatur.
2053 1495 2134 1535 Quo
2151 1497 2226 1541 qui-

385 1550 464 1583 dem
481 1551 527 1582 ad
543 1550 616 1582 eius
630 1549 854 1592 ignominiam
877 1559 947 1581 non
963 1548 1122 1586 dicimus,
1138 1549 1211 1586 sed,
1227 1549 1302 1591 ipso
1318 1548 1435 1591 itaque
1451 1549 1698 1591 praecipiente,
1716 1548 1831 1581 adhuc
1848 1549 1971 1582 viliora
1988 1555 2022 1582 et
2035 1550 2227 1593 reprehen-

383 1604 534 1636 sibiliora
558 1604 601 1635 de
623 1603 698 1645 ipso
721 1602 882 1645 scripturi
904 1613 1028 1641 sumus,
1051 1608 1089 1634 ut
1110 1601 1265 1644 pluribus
1289 1608 1444 1644 patescat
1467 1613 1569 1645 quam
1593 1602 1765 1635 laboriose
1783 1608 1817 1635 et
1833 1613 1912 1635 cum
1925 1609 2054 1646 quanta
2068 1604 2227 1648 angustia

385 1668 406 1689 a
428 1658 604 1700 profunda
626 1662 828 1699 paupertate
845 1656 892 1689 ad
907 1667 1072 1688 summum
1089 1655 1226 1688 culmen
1242 1655 1437 1688 divitiarum
1453 1656 1509 1689 vel
1524 1656 1664 1689 honoris
1679 1657 1841 1700 attigerit.
1880 1657 2042 1691 Habebat
2056 1657 2227 1701 siquidem

385 1711 589 1754 armigerum
612 1711 795 1753 quendam,
818 1710 1003 1742 Blettinam
1026 1709 1177 1748 nomine,
1200 1720 1317 1742 coram
1341 1720 1408 1754 quo
1431 1709 1481 1742 nil
1502 1710 1672 1748 tuebatur,
1699 1711 1746 1743 ad
1776 1711 1870 1754 quod
1901 1711 2087 1745 furandum
2115 1712 2228 1745 inten-
2250 1711 2292 1744 25

386 1763 499 1797 debat.
544 1764 612 1796 Hic
633 1763 707 1807 ipse
730 1763 933 1807 penuriosus
955 1763 1069 1796 adhuc
1093 1763 1235 1807 juveniS,
1258 1764 1477 1806 postmodum
1501 1763 1688 1796 ditissimus
1710 1764 1846 1797 futurus
1869 1775 1995 1803 comes,
2027 1775 2104 1798 cum
2135 1771 2227 1799 esset

386 1818 529 1860 cupiens
551 1819 717 1861 quosdam
740 1828 860 1860 equOS,
884 1828 969 1860 quos
992 1818 1085 1860 apud
1109 1816 1255 1850 Melfam
1279 1817 1314 1849 in
1338 1818 1518 1851 cuiusdam
1541 1817 1645 1851 domo
1668 1817 1813 1858 viderat,
1829 1817 1875 1851 ad
1891 1819 1959 1852 hoc
1975 1819 2155 1861 persuasit,
2178 1825 2226 1859 ut,

385 1882 502 1904 secum
525 1872 666 1910 vadens,
690 1877 859 1904 nocturno
882 1872 975 1904 furto
998 1877 1198 1909 exstractos,
1226 1871 1418 1905 abduceret
1432 1871 1454 1904 ³.

470 1969 603 2002 XXVI.
628 1988 669 1993 —
692 1969 875 2003 Curriculo
898 1969 1015 2012 itaque
1038 1970 1209 2002 mensium
1233 1970 1377 2002 duorum
1401 1970 1517 2002 fratris
1540 1969 1717 2003 servitium
1749 1969 1901 2003 studiose
1933 1980 2118 2015 peragens,
2148 1980 2228 2004 cum
2310 1984 2320 2004 J

384 2022 428 2055 ab
450 2023 527 2065 ipso
549 2022 598 2055 nil
620 2022 710 2056 inter
732 2033 768 2055 se
791 2029 825 2055 et
848 2033 966 2055 omnes
989 2034 1078 2062 suos,
1103 2033 1207 2056 causa
1230 2024 1529 2062 remunerationis,
1555 2029 1701 2066 excepto
1717 2033 1787 2056 uno
1803 2029 1934 2056 tantum
1951 2034 2052 2067 equo,
2068 2024 2227 2067 accepis-
2251 2025 2292 2057 30
2307 2013 2320 2076 ⁴}

384 2082 445 2114 set,
457 2077 611 2119 quamvis
627 2087 696 2110 non
712 2076 854 2121 legerat,
870 2083 986 2110 tamen
1002 2078 1099 2121 quasi
1114 2077 1316 2110 naturaliter
1331 2078 1445 2110 sciens
1459 2077 1546 2110 illud
1557 2076 1807 2111 Sallustianum
1821 2078 2060 2120 proverbium:
2077 2077 2228 2111 Frustra
2310 2078 2320 2122 ξ

386 2130 453 2162 niti
473 2134 507 2162 et
527 2130 576 2162 ad
595 2135 779 2163 extremum
802 2131 896 2168 nihil,
920 2131 988 2163 nisi
1007 2130 1119 2163 odium
1133 2131 1332 2175 fatigando
1354 2142 1526 2174 quaerere,
1550 2142 1624 2164 cum
1648 2132 1779 2163 demum
1803 2132 1851 2163 ad
1879 2136 2033 2164 extrema
2062 2131 2229 2164 dementa'a
2314 2132 2320 2185 ξ

386 2188 443 2225 est,
467 2185 557 2227 quod
575 2184 655 2216 bene
676 2185 840 2217 servi'entz
852 2184 998 2229 fortuna
1021 2186 1208 2218 necessaria
1236 2190 1293 2225 est,
1317 2185 1382 2218 sibi
1406 2196 1489 2218 vero
1512 2195 1588 2218 eam
1612 2185 1723 2218 minus
1745 2185 1834 2218 bene
1857 2185 1990 2225 favere,
2022 2195 2099 2218 cum
2122 2185 2229 2218 fratre

384 2235 538 2278 pluribus
568 2236 681 2269 verbis
712 2237 908 2277 altercatus,
932 2237 1088 2276 foedere,
1119 2239 1213 2281 quod
1244 2239 1336 2271 inter
1364 2249 1402 2272 se
1432 2239 1477 2271 ad
1507 2244 1643 2281 tempus
1674 2238 1859 2277 habebant,
1890 2238 2039 2278 reddito,
2070 2237 2228 2272 Scaleam
2314 2218 2320 2251 i

384 2300 541 2323 reversus
564 2296 626 2329 est,
649 2291 831 2334 statimque
855 2291 890 2323 in
914 2292 1035 2325 eodem
1059 2301 1205 2335 vespere
1228 2293 1322 2335 apud
1339 2298 1499 2330 castrum,
1515 2292 1609 2335 quod
1626 2292 1837 2324 Narencium
1853 2291 1991 2331 dicitur,
2007 2291 2134 2326 milites
2149 2301 2228 2325 suos
2251 2290 2320 2326 35

385 2349 497 2376 castra
528 2343 711 2376 Guiscardi
741 2345 947 2387 praedatum
978 2346 1128 2385 mittens,
1151 2346 1368 2388 provinciam
1393 2345 1563 2388 spoliavit.
1609 2344 1658 2378 At
1680 2344 1760 2378 dum
1792 2345 1881 2385 illos,
1910 2356 1996 2389 quos
2026 2345 2227 2388 praedaturi

478 2463 500 2480 1.
519 2457 613 2488 itaque
625 2474 683 2483 ....
700 2456 868 2490 abundaret]
887 2465 954 2482 vero
973 2466 1036 2482 cum
1056 2458 1223 2490 quibusdam
1242 2459 1383 2484 militibus
1404 2460 1462 2484 suis
1481 2461 1509 2484 et
1527 2459 1603 2491 quod
1622 2459 1663 2483 eis
1683 2458 1843 2492 largiretur,
1864 2460 1957 2484 minus
1977 2459 2092 2484 haberet
2110 2458 2174 2484 BD
2192 2471 2226 2478 —

390 2504 412 2522 2.
431 2505 497 2522 usus
515 2506 563 2522 om.
583 2500 610 2523 P
627 2512 659 2517 -
678 2506 703 2531 3.
721 2506 783 2524 eum
802 2507 850 2524 om.
870 2501 898 2524 P
913 2513 924 2518 -
943 2500 1103 2525 districtior
1124 2501 1148 2526 C
1163 2515 1199 2518 —
1217 2500 1241 2525 6.
1256 2502 1297 2526 sic
1309 2509 1358 2526 om.
1372 2502 1433 2527 PC
1450 2515 1483 2520 —
1503 2507 1527 2534 7.
1547 2502 1665 2526 tractari
1683 2509 1732 2526 om.
1751 2501 1858 2526 PC—
1873 2501 1928 2532 7-8.
1942 2503 1974 2526 ut
1993 2501 2191 2534 degenerem..
2203 2519 2227 2526 ..

390 2541 462 2564 irato
482 2542 577 2565 animo
597 2549 645 2566 om.
663 2542 770 2571 PBD,
788 2542 802 2565 ἑ
820 2542 850 2566 in
873 2542 896 2566 C
914 2555 945 2560 —
965 2543 990 2568 8.
1009 2542 1145 2574 Apuliam
1166 2545 1222 2568 ivit
1240 2545 1302 2570 PC
1318 2558 1352 2563 —
1370 2551 1395 2576 9.
1416 2544 1588 2569 Guilielmus
1607 2545 1634 2569 P
1651 2545 1699 2576 qui
1714 2552 1727 2568 e
1743 2544 1794 2576 giss
1813 2557 1846 2562 --
1868 2551 1907 2568 10.
1927 2544 2019 2569 mittit
2037 2545 2066 2568 P
2081 2556 2091 2562 -
2111 2545 2228 2576 excepta

389 2583 449 2608 PC
466 2596 498 2600 —
521 2590 560 2607 11.
579 2583 615 2608 ab
634 2584 686 2608 illo
711 2592 758 2608 om.
780 2584 843 2609 BD
867 2598 899 2602 —-
923 2591 963 2609 12.
983 2587 1109 2610 moratus
1129 2586 1156 2609 P
1174 2599 1181 2603 -
1202 2584 1310 2620 Scalea]
1330 2587 1416 2612 Ascla
1435 2595 1449 2611 e
1467 2586 1572 2611 Ascula
1592 2587 1688 2612 BCD
1705 2587 1755 2618 qui
1771 2594 1785 2610 e
1799 2586 1851 2618 pm
1866 2586 1926 2618 gin),
1944 2587 2172 2612 indistincta-ente
2195 2599 2229 2604 —

392 2631 431 2656 13.
450 2632 498 2657 per
517 2626 591 2656 quod
610 2626 637 2650 P
649 2625 672 2650 C
689 2639 721 2644 -
749 2633 788 2658 14.
807 2627 932 2651 exercitu
952 2628 1031 2651 moto
1051 2627 1158 2652 dictum
1178 2630 1301 2653 castrum
1320 2630 1349 2653 P
1365 2642 1398 2647 —
1420 2636 1459 2662 15.
1480 2629 1561 2654 vadit
1563 2645 1644 2658 .....
1663 2626 1769 2662 vastat]
1795 2629 1885 2653 vadit.
1921 2627 2096 2653 Guiscardus
2114 2628 2228 2660 quidem

388 2666 495 2691 oliveta
507 2668 536 2691 et
549 2668 645 2692 vineta
664 2668 725 2692 urbi
746 2669 889 2701 contigua,
911 2668 1077 2693 devastabat
1095 2670 1123 2693 P
1139 2683 1173 2687 -—
1196 2676 1235 2702 17.
1255 2677 1284 2695 se
1303 2669 1410 2704 versus]
1428 2679 1516 2703 usque
1535 2672 1562 2696 B
1578 2684 1590 2690 -
1610 2671 1716 2695 cotidie
1736 2669 1837 2704 magis]
1857 2671 1960 2695 diatim
1979 2671 2070 2703 magls
2087 2677 2120 2695 ac
2139 2671 2230 2702 magis

390 2708 481 2732 minui
498 2709 560 2733 PC
576 2724 607 2727 -›-
635 2717 675 2741 19.
701 2711 819 2735 nuntios
845 2711 907 2735 BD
931 2723 942 2729 -
968 2711 1002 2735 ad
1021 2713 1131 2743 tempus
1150 2719 1198 2737 om.
1219 2714 1283 2738 BD
1303 2727 1334 2731 -—
1356 2720 1398 2738 20.
1418 2714 1607 2746 quadraginta
1625 2714 1688 2740 Pc
1704 2727 1713 2732 -
1738 2713 1802 2737 fidis
1826 2721 1876 2738 om.
1901 2713 1965 2737 BD
1990 2726 2023 2731 —
2048 2718 2137 2737 21-22.
2163 2710 2229 2741 Quo

389 2748 511 2783 quidem]
533 2752 713 2784 Caggr'unge:
732 2752 795 2784 ipso
814 2753 949 2784 scripturi
964 2760 1058 2777 sumus
1077 2755 1108 2777 ut
1127 2754 1256 2785 pluribus
1276 2757 1402 2788 patescat
1421 2769 1454 2774 -
1474 2762 1515 2788 ²3·
1536 2757 1631 2789 pateat
1651 2756 1714 2780 BD
1733 2770 1766 2773 -
1786 2762 1828 2788 25·
1846 2755 1971 2780 Blettiva
1991 2755 2030 2784 P;
2049 2754 2187 2779 Blettivia
2207 2755 2231 2779 C

390 2804 422 2808 —
442 2790 483 2815 ²6.
502 2793 591 2816 adhuc
609 2795 709 2818 vivens
729 2795 792 2818 BD
805 2807 837 2811 ——
851 2799 892 2826 27.
905 2795 1031 2819 eiusdem
1044 2796 1072 2818 P
1087 2808 1099 2814 -
1117 2796 1184 2820 haec
1204 2797 1232 2820 P
1249 2811 1281 2814 —
1301 2796 1343 2821 28.
1363 2798 1520 2823 abstractos
1540 2799 1568 2822 P
1585 2813 1617 2817 --
1637 2804 1680 2830 3²·
1697 2799 1755 2832 jam
1774 2799 1883 2822 demum
1904 2798 1932 2821 P
1949 2810 1981 2815 -
2001 2804 2043 2830 33.
2062 2798 2091 2821 et
2107 2796 2184 2829 quod
2202 2796 2231 2821 P

334 2837 366 2855 10
392 2845 425 2850 —
444 2840 484 2865 34.
504 2835 656 2866 plurimum
674 2837 702 2859 P
718 2849 727 2854 -
753 2844 781 2861 se
799 2838 926 2868 tempore
952 2838 978 2861 B
990 2836 1014 2861 C
1035 2850 1068 2855 ——
1085 2843 1128 2869 35.
1142 2838 1297 2863 Narentum
1317 2840 1359 2870 B3
1379 2840 1543 2865 Barenisum
1567 2840 1605 2871 (ἔς
1624 2841 1777 2865 Brarenum
1794 2841 1824 2864 D
1842 2854 1874 2858 --
1893 2839 1937 2872 36.
1956 2841 2047 2864 castra
2065 2836 2228 2872 Guiscardi]

391 2882 472 2907 super
491 2875 675 2902 Guiscardum
699 2879 755 2903 PC
771 2891 783 2898 -
801 2876 975 2912 praedaturi]
996 2879 1162 2912 praedatum
1184 2881 1246 2905 BD

477 2962 486 2978 ¹
505 2963 610 2995 Scalea,
630 2967 658 2989 in
678 2974 759 2999 prov.
780 2968 807 2992 di
829 2967 967 2993 Cosenza.
1329 2972 1392 3004 quel
1404 2980 1454 2997 suo
1465 2974 1577 2998 curioso
1589 2973 1693 3006 spirito
1705 2973 1732 2998 di
1744 2971 1856 2998 ostilita
1867 2974 1967 2998 contro
1978 2973 1987 2996 i
1997 2972 2167 3000 Normanni,
2177 2970 2227 2996 che

478 3003 489 3019 ²
507 3006 673 3032 Commenta
692 3009 825 3038 ΡΑΜΑΚῙ,
844 3013 884 3042 op.
902 3010 961 3039 cit..
981 3010 1038 3035 vol.
1059 3011 1106 3041 111,
1121 3019 1147 3044 p.
1161 3019 1203 3044 24,
1217 3019 1272 3038 con
1329 3014 1342 3027 “
1355 3015 1383 3038 in
1404 3014 1494 3039 fondo
1516 3015 1537 3040 il
1559 3016 1675 3040 vecchio
1694 3017 1777 3040 conte
1795 3015 1940 3047 Ruggiero
1953 3022 1981 3039 se
2001 3021 2036 3038 ne
2054 3013 2187 3046 gloz-lava
2200 3030 2224 3045 „.
2263 3018 2293 3044 ις
2313 3031 2320 3053 1
