2320 3424
40 197 61 267 J
114 227 172 265 11A.
192 228 287 264 1058]
493 224 564 260 DE
590 222 759 259 REBUS
788 222 963 260 GESTIS
991 223 1209 260 ROGERII
1236 223 1445 260 COMITIS
1472 224 1588 260 ETC.
1909 223 1954 259 21

119 345 272 384 miserat,
296 344 390 388 apud
413 344 572 378 Scaleam
593 346 835 388 praestolatur,
859 346 1024 379 Bervenis
1047 345 1198 389 quidam,
1221 358 1242 379 a
1263 345 1376 379 Melta
1398 346 1552 387 veniens,
1583 346 1717 380 nuntiat
1745 345 1960 379 melfe'tanos

61 390 63 397 ¹
119 403 340 437 mercatores,
363 403 506 430 onustos
529 399 690 440 pretiosis
712 398 846 441 opibus,
870 409 890 431 a
913 399 1024 432 Melta
1046 409 1164 432 versus
1187 399 1334 432 Melfam
1356 398 1464 431 'haud
1486 399 1608 442 procul
1630 410 1651 431 a
1667 405 1780 432 castro
1803 399 1958 432 transire.

119 449 200 490 Quo
225 451 355 489 audito,
378 461 448 483 non
470 451 645 484 minimum
668 452 817 495 gavisus,
841 463 966 495 equum
990 451 1154 490 insiliens,
1177 452 1269 485 inter
1291 453 1494 485 Gisualdum
1526 458 1560 484 et
1589 452 1850 491 Carbonariam‚
1881 462 1959 485 cum

60 531 67 547 s
115 504 287 539 tredecim
309 510 442 537 tantum
465 505 638 545 militibus,
653 506 903 538 mercatoribus
918 506 1086 543 occurrit3
1102 511 1290 550 captosque
1307 506 1465 539 Scaleam
1481 505 1640 544 deduxit3
1658 506 1853 550 omniaque,
1870 517 1959 549 quae

72 557 92 591 5
115 568 234 591 secum
258 558 444 597 habebant,
470 558 645 601 diripiens,
676 559 769 601 ipsos
799 559 903 591 etiam
934 559 1103 592 redimere
1134 559 1232 591 fecit.
1276 559 1352 592 Hac
1382 559 1533 602 pecunia
1559 559 1812 592 roboratus—
1843 559 1959 603 largus

58 635 64 658 ἰ,
115 611 318 646 distributor
341 629 383 636 —
406 618 544 644 centum
568 612 632 644 sibi
656 612 779 645 milites
804 613 975 656 allegavit,
999 612 1134 655 quibus,
1157 618 1261 645 totam
1284 611 1447 655 Apuliam
1473 612 1604 646 crebris
1627 619 1662 645 et
1684 612 1828 645 diversis
1843 612 1959 645 incur-

57 664 71 710 ,J
114 665 266 699 sionibus
288 664 495 704 dilacerans,
518 664 746 699 Guiscardum
777 666 813 698 in
842 671 974 698 tantum
997 665 1178 698 sollicitum
1201 664 1381 704 reddebat,
1412 671 1459 705 ut,
1479 665 1739 709 adequirendae
1762 664 1958 699 Calabriae'

64 759 66 762 v
116 717 254 758 oblitus,
275 718 347 763 jam
371 718 466 762 quod
487 719 696 761 acquisierat
719 729 809 761 pene
831 718 1015 751 amitteret.

62 864 65 867 ,
202 826 351 860 XXVII.
374 844 416 850 —
440 827 543 860 Anno
558 826 715 860 MLVIII
732 826 850 859 clades
865 826 1078 869 permaxima
1102 832 1136 859 et
1150 826 1326 870 flagellum
1343 826 1413 858 irae
1429 827 1496 859 Dei
1510 825 1531 865 ¹,
1547 833 1584 859 ut
1599 826 1782 865 credimus,
1797 828 1952 870 peccatis

52 888 84 909 Ἰ
115 880 341 925 exigentibus,
365 880 526 914 divinitus
547 881 746 919 immissum,
770 885 876 912 totam
899 878 1081 913 Calabriae
1103 879 1330 922 provinciam,
1347 879 1518 912 curriculo
1535 880 1635 912 trium
1651 881 1828 918 mensium,
1844 881 1957 914 martii

52 935 70 983 ’Ἰ
111 933 286 974 videlicet,
309 933 428 977 aprilis
451 939 486 966 et
508 933 599 977 maji,
622 933 657 965 in
681 938 811 966 tantum
833 933 973 970 attrivit,
996 938 1043 971 ut,
1068 933 1158 966 trino
1182 932 1301 966 morbo
1324 938 1468 965 mortem
1485 932 1551 965 sibi
1566 933 1743 965 imminere
1760 940 1954 974 cernentes,

54 1005 56 1016 r
111 997 190 1021 cum
213 998 317 1020 unum
341 987 387 1020 ad
409 987 501 1019 vitae
524 986 713 1030 periculum
736 985 890 1018 sufficere
914 991 1042 1028 posset,
1063 985 1120 1018 vix
1144 986 1275 1028 aliquid
1298 986 1445 1028 quodvis
1467 986 1601 1026 horum,
1617 986 1744 1019 nedum
1768 986 1835 1019 tria
1857 987 1955 1019 simul

42 1073 43 1078 ,
111 1041 338 1074 furiosissime
362 1040 562 1073 detonantia
583 1039 750 1082 pericula,
773 1048 810 1071 se
832 1038 980 1070 evadere
1003 1048 1104 1081 posse
1128 1038 1375 1071 existimarent.
1421 1039 1512 1071 Nam
1534 1049 1604 1071 una
1633 1050 1676 1071 ex
1698 1045 1797 1081 parte
1821 1040 1955 1084 gladius

51 1098 61 1113 ‘¹
110 1104 132 1126 a
154 1093 374 1131 Normannis,
399 1093 457 1126 vix
480 1092 584 1125 alicui
606 1101 765 1134 parcens,
788 1091 1010 1124 desaeviebat
1017 1103 1026 1129 3
1051 1101 1097 1123 ex
1119 1091 1189 1123 alia
1211 1101 1295 1124 vero
1318 1092 1439 1130 fames,
1462 1091 1589 1125 viribus
1613 1092 1795 1132 exhaustis,
1818 1094 1956 1135 perlan-

69 1146 88 1180 5
110 1147 219 1192 guida
250 1146 448 1185 aestuabat3
479 1145 579 1179 tertia
601 1155 684 1177 vero
706 1155 824 1188 pugna
846 1144 1073 1183 mortalitatis,
1097 1144 1307 1177 horribiliter
1337 1145 1501 1183 defluens,
1528 1145 1584 1178 vix
1613 1146 1762 1189 aliquem
1785 1146 1953 1179 intactum

50 1199 58 1234 Ῐ
110 1201 313 1244 permittens
335 1200 494 1237 evadere,
524 1205 561 1231 ut
590 1198 626 1230 in
657 1199 770 1231 arenti
799 1198 1006 1231 arundineto
1037 1197 1124 1230 laxis
1149 1197 1296 1231 habenis
1327 1198 1446 1231 furens
1476 1197 1686 1237 incendium,
1717 1199 1953 1241 percurrebat.

111 1254 286 1288 Pecunias
309 1252 489 1292 habentes,
513 1251 596 1295 quid
619 1257 772 1284 emerent
794 1261 863 1284 non
886 1251 1064 1291 habentes,
1087 1257 1189 1294 atque
1203 1252 1297 1294 ipsos
1312 1251 1452 1291 liberos,
1469 1262 1512 1284 ex
1533 1252 1745 1296 ingenuitate
1766 1252 1953 1295 plorantes,

109 1307 168 1341 vili
193 1307 304 1350 pretio
326 1307 364 1339 in
387 1305 562 1340 servitium
584 1304 832 1343 venundantes,
856 1304 950 1344 dum,
971 1304 1030 1336 ubi
1053 1303 1140 1337 illud
1162 1304 1208 1337 ad
1239 1306 1350 1338 victus
1378 1305 1563 1338 utilitatem
1593 1306 1860 1347 expenderetur,
1883 1317 1953 1339 non

109 1360 344 1399 inveniebant,
368 1359 413 1392 ad
443 1365 665 1402 augmentum
695 1358 823 1391 doloris
852 1358 903 1390 sui
934 1363 1078 1400 propter
1108 1358 1334 1396 amissionem,
1364 1358 1500 1391 incassa
1529 1359 1728 1393 venditione
1756 1358 1952 1398 liberorum,

111 1414 208 1458 quasi
231 1419 353 1457 quarta
375 1412 570 1445 calamitate
593 1411 847 1444 cruciabantur.
892 1410 1060 1443 Recentis
1091 1411 1204 1443 carnis
1234 1411 1365 1454 absque
1389 1421 1478 1453 pane
1503 1411 1678 1450 comestio,
1702 1411 1952 1455 dyssenteriam

109 1468 256 1505 faciens,
279 1466 404 1499 multos
419 1465 604 1503 deiciebat,
619 1465 787 1506 quosdam
802 1470 916 1497 autem
932 1464 1133 1507 spleniticos
1148 1464 1309 1498 faciebat.
1355 1463 1650 1508 Quadragesimae
1666 1471 1818 1498 sanctam
1836 1465 1952 1498 obser-

110 1521 274 1560 vantiam,
296 1531 318 1552 a
340 1518 482 1555 sanctis'
503 1524 539 1552 et
561 1518 730 1562 religiosis
753 1517 906 1560 patribus
930 1517 1101 1551 catholice
1132 1523 1358 1556 contractam,
1388 1518 1543 1562 angustia
1575 1518 1738 1557 dissolvit,
1761 1518 1798 1551 in
1820 1524 1952 1551 tantum

108 1580 156 1617 ut,
180 1584 249 1607 non
273 1573 383 1607 solum
406 1573 505 1606 lactis
526 1572 584 1604 vel
606 1572 700 1604 casei
721 1581 840 1604 verum
863 1572 967 1604 etiam
990 1571 1107 1604 carnis
1130 1571 1351 1613 comestione,
1367 1570 1522 1614 'reliquis
1536 1571 1748 1614 temporibus
1771 1581 1948 1611 concessa,

112 1628 215 1661 etiam
237 1626 283 1660 ab
304 1626 399 1669 ipsis,
423 1626 483 1670 qui
507 1625 651 1659 alicuius
674 1625 862 1658 honestatis
883 1630 987 1658 antea
1009 1624 1225 1663 videbantur,
1255 1625 1453 1658 violaretur.
1499 1623 1559 1658 Sic
1589 1624 1773 1657 herbarum
1804 1625 1950 1658 virentia

36 1681 87 1716 1‘5
109 1681 217 1721 olera,
240 1680 364 1725 quibus
386 1679 615 1723 pulmentaria
636 1678 710 1712 fieri
732 1678 855 1719 solent,
878 1684 991 1711 terrae
1015 1678 1176 1711 sterilitas
1198 1677 1443 1717 substraxerat3
1475 1679 1533 1711 ubi
1564 1688 1647 1711 vero
1677 1678 1950 1719 inveniebantur,

35 1733 41 1741 ”
110 1734 259 1780 quadam
273 1734 397 1778 pruina
419 1733 532 1766 vitiati
553 1733 641 1765 aeris
665 1733 821 1771 decocta,
844 1732 921 1775 plus
945 1732 1066 1765 obesse
1089 1742 1191 1775 quam
1208 1732 1384 1775 prodesse,
1400 1731 1592 1776 degustata,
1608 1731 1826 1765 videbantur.
1871 1732 1952 1764 Flu-

46 1821 48 1826 ,
109 1788 257 1822 vialibus
279 1787 427 1821 carectis
450 1793 485 1820 et
507 1786 723 1830 quarundam
746 1785 906 1819 arborum
933 1785 1118 1819 corticibus
1149 1796 1227 1818 cum
1259 1786 1430 1818 castaneis
1461 1791 1495 1818 et
1525 1785 1700 1829 quercinis
1722 1786 1795 1818 sive
1826 1785 1951 1818 ilicinis

36 1840 46 1876 ’.
109 1841 267 1882 nucibus,
297 1851 384 1885 quas
411 1840 556 1885 glandes
579 1840 737 1879 dicimus,
767 1839 882 1883 porcis
913 1839 1123 1878 substractis,
1147 1845 1183 1872 et
1205 1839 1296 1872 mola
1325 1845 1403 1882 post
1432 1839 1699 1872 exsiccationem
1721 1839 1820 1879 tritis,
1842 1850 1951 1882 panes

38 1882 56 1938 ’μ
110 1896 238 1936 facere,
261 1895 399 1928 modico
421 1894 506 1926 milii
529 1894 693 1934 admixto,
714 1893 904 1926 tentabant.
951 1893 1089 1926 Crudae
1112 1892 1257 1931 radices,
1281 1903 1358 1925 cum
1381 1893 1455 1926 solo
1478 1893 1549 1925 sale
1582 1893 1794 1936 degustatae,
1822 1893 1950 1926 ventris

45 1957 57 1976 ⁴-
109 1955 278 1983 tumorem
309 1957 388 1981 cum
413 1947 545 1991 pallore
569 1947 682 1980 vultus
706 1947 907 1985 excitantes,
938 1945 1054 1979 vitalia
1083 1945 1375 1979 intercludebant.
1420 1946 1552 1979 Matres
1580 1945 1715 1988 pietatis
1745 1946 1875 1979 affectu
1904 1946 1949 1978 ab

49 2002 57 2037 fc
111 2002 186 2046 ipso
216 2002 404 2035 liberorum
426 2010 486 2034 ore
510 2001 625 2034 cibum
647 2011 782 2043 rapere,
806 2000 920 2042 potius
942 2010 1044 2043 quam
1071 2000 1321 2039 administrare,
1344 2000 1537 2042 impudenti
1554 1999 1718 2032 violentia
1733 1999 1946 2043 satagebant.

55 2063 56 2066 ’
110 2054 171 2090 Sic
193 2056 285 2090 trino
308 2054 445 2100 flagello
467 2064 575 2098 usque
598 2055 643 2087 ad
665 2064 773 2088 novas
794 2054 913 2098 fruges
936 2053 1044 2087 attriti
1066 2060 1155 2087 sunt.
1201 2053 1284 2092 Sed,
1308 2053 1406 2086 novis
1435 2053 1594 2097 frugibus
1616 2052 1946 2096 supervenientibus,

199 2203 223 2221 1.
243 2195 346 2221 Berver
366 2196 405 2225 P;
425 2195 547 2220 Benerus
568 2196 592 2221 C
609 2208 618 2213 -
637 2194 777 2220 Malfitanl
796 2195 823 2219 P
839 2193 884 2227 (Ξ
895 2194 926 2218 di
941 2192 1040 2226 Melfi).
1077 2193 1137 2219 Solo
1155 2193 1226 2218 nella
1244 2194 1353 2218 rubrica
1371 2194 1415 2218 del
1426 2196 1481 2226 cap.
1494 2193 1564 2218 silua
1577 2193 1717 2218 Malfitani
1731 2192 1950 2227 (=dldma1fl),

45 2242 50 2255 f
102 2237 249 2270 frequente
265 2238 344 2263 com’d
362 2238 408 2263 net
423 2238 496 2263 codd.
515 2238 540 2262 10
557 2238 668 2262 umbro
686 2240 730 2263 tra
748 2245 763 2262 e
780 2237 814 2261 ed
831 2245 846 2262 a
865 2249 900 2255 —-
919 2243 943 2261 2.
962 2235 1141 2270 mercatores]
1160 2238 1353 2269 negotiatores
1372 2237 1400 2261 P
1416 2250 1425 2255 -
1445 2238 1564 2261 onustus
1583 2237 1718 2269 pretiosis
1737 2236 1839 2270 opibus
1857 2244 1906 2261 om.
1923 2237 1952 2262 P

110 2293 144 2300 -
157 2287 182 2313 3.
201 2281 277 2306 inter
294 2288 343 2306 m.
362 2281 390 2305 P
406 2294 415 2298 -
433 2279 657 2305 Giuseunaldum
678 2280 713 2310 Cg
732 2278 938 2304 Ginesualdum
958 2279 985 2303 P
1005 2293 1033 2297 —
1049 2287 1074 2311 4.
1092 2278 1238 2311 tredecim]
1258 2281 1324 2304 octo
1344 2280 1371 2303 P
1388 2292 1421 2297 —
1441 2284 1466 2310 5.
1485 2279 1585 2304 redimi
1606 2280 1633 2304 B
1651 2293 1683 2296 —
1699 2285 1722 2312 7.
1735 2279 1863 2304 lacerans
1876 2279 1947 2303 P—

110 2329 135 2356 9.
154 2323 277 2357 peccatis
294 2330 343 2348 om.
364 2323 428 2348 BD
445 2337 477 2342 —
499 2329 540 2348 12.
558 2324 610 2347 vix
628 2323 663 2347 ad
682 2322 804 2355 quodvIs
823 2322 924 2346 horum
943 2322 972 2346 P
988 2335 1020 2339 —
1044 2328 1084 2354 15.
1102 2329 1152 2355 per
1170 2322 1307 2354 languida
1325 2322 1408 2347 PC·
1420 2319 1526 2356 pugna]
1546 2323 1648 2354 pruina
1668 2321 1730 2346 PG
1746 2335 1778 2339 —
1796 2321 1882 2353 15-16.
1896 2321 1946 2346 vix

110 2365 248 2391 lntsctum
261 2366 421 2398 percutiens
440 2366 471 2390 ut
491 2366 520 2390 in
541 2366 582 2396 P3
596 2366 735 2390 intactum
748 2364 939 2397 pertransiens
953 2365 984 2389 ut
1003 2365 1030 2388 B
1041 2365 1062 2389 C
1071 2364 1100 2389 D
1113 2377 1144 2381 -—
1162 2363 1202 2389 16.
1216 2364 1327 2389 fervens
1342 2365 1367 2388 B
1386 2378 1418 2382 —
1434 2369 1474 2396 17.
1488 2366 1581 2389 autem
1595 2365 1673 2398 ipsos
1686 2364 1728 2394 P;
1741 2363 1804 2388 hab.
1817 2370 1884 2388 suos
1896 2362 1945 2388 lib.

111 2407 176 2433 BD
188 2420 222 2425 —-
237 2405 276 2432 18.
289 2408 452 2440 procreatos
465 2407 520 2432 vili
533 2408 605 2432 Ρ-
619 2414 660 2440 19.
674 2408 717 2432 sui
731 2407 914 2431 ammissione
926 2407 954 2431 P
965 2421 997 2425 —
1013 2411 1054 2431 πο.
1074 2406 1253 2431 vescentibus
1272 2406 1404 2431 carnibus
1423 2407 1484 2431 PC
1501 2419 1510 2424 -
1529 2407 1605 2437 Dopo
1623 2405 1760 2430 comestio
1777 2412 1856 2438 segue
1873 2406 1903 2429 r'n
1921 2406 1949 2430 P

10 2460 11 2465 ¹
36 2479 42 2485 ,‚
109 2449 277 2482 quibusdam
296 2450 395 2475 vinum
414 2457 472 2474 non
490 2449 668 2480 habentibus,
686 2449 734 2474 ubi
749 2456 837 2482 aquae
849 2450 921 2481 potu
932 2448 1121 2474 condiebatur
1133 2447 1191 2482 (ubi
1211 2456 1260 2474 om.
1279 2449 1358 2478 BD;
1378 2449 1608 2473 conducebantur
1625 2448 1658 2473 de
1672 2448 1840 2473 sententiam
1855 2446 1945 2480 BD)=

0 2495 13 2509 2
36 2486 44 2509 v'
108 2491 244 2517 toneat-ild
262 2492 294 2516 ai
309 2494 398 2524 faesio
410 2492 499 2522 ὄναιο,
508 2490 782 2523 grammaticalmnte
793 2493 903 2516 metato
916 2490 963 2515 dal
973 2493 1041 2515 resto
1052 2490 1220 2523 aelperioao,
1237 2498 1251 2514 ι
1269 2490 1292 2514 {1
1306 2493 1424 2523 sospena,
1441 2498 1468 2515 se
1485 2498 1538 2515 non
1555 2491 1641 2515 d'una
1658 2497 1720 2516 vera
1738 2490 1945 2521 interpolarent,

108 2533 191 2560 em
202 2534 353 2559 corrutione
365 2533 409 2558 del
419 2536 489 2565 testo,
501 2534 668 2559 m'inducono
679 2541 696 2558 a
707 2532 888 2566 eopprs'merlo.
919 2533 954 2557 Le
966 2535 1042 2558 nesse
1054 2533 1162 2566 raglau!
1173 2534 1212 2558 mi
1223 2532 1338 2558 laciano
1349 2534 1508 2565 supprimere
1517 2535 1605 2564 questo
1613 2532 1721 2564 periodo
1733 2531 1778 2556 che
1790 2533 1820 2556 tn
1832 2532 1860 2556 P
1868 2539 1945 2564 segra

111 2576 283 2610 spleneticos
295 2574 459 2611 saciebant]‚
470 2584 484 2601 e
495 2578 526 2601 r'n
539 2577 602 2601 BD
613 2584 709 2602 manca
722 2575 767 2600 ael
776 2578 858 2601 mum
871 2576 928 2601 Ubi
942 2583 1010 2600 vero
1025 2577 1092 2601 vino
1108 2576 1222 2601 fortiori
1237 2577 1424 2608 intemperate
1437 2576 1698 2608 superfundebatur,
1713 2575 1792 2600 calor
1805 2575 1945 2599 naturalis

29 2643 39 2655 ,ο
55 2619 57 2621 ’
109 2618 232 2644 eiusdem
251 2619 406 2651 perniciem
420 2619 491 2644 lueri
505 2618 665 2652 (provincie
678 2618 747 2643 meri
763 2617 796 2651 C)
809 2625 866 2649 cor,
879 2618 955 2650 quod
969 2619 1052 2651 panis
1072 2626 1129 2643 non
1148 2618 1340 2650 confirmabat,
1362 2619 1483 2643 internis
1496 2618 1629 2650 (interius
1645 2616 1679 2650 C)
1697 2618 1817 2650 quadam
1836 2618 1943 2642 aestua-

16 2689 18 2692 ,
43 2653 45 2688 s
58 2673 63 2696 g
109 2661 190 2686 tione
203 2661 358 2686 concedens
370 2659 562 2694 (extruatione
575 2661 726 2686 corrodens
742 2658 776 2693 C)
791 2660 937 2685 debilitari
951 2660 1078 2693 cogebat.
1092 2674 1124 2678 —
1140 2667 1182 2685 21.
1195 2660 1366 2693 spleneticos
1379 2661 1412 2685 P.
1449 2660 1468 2684 I
1474 2660 1546 2685 codd.
1562 2661 1636 2688 BD,
1648 2658 1806 2690 au’tnfuort
1817 2659 1848 2684 dr·
1858 2662 1945 2690 questo

10 2692 19 2730 ,’)’
34 2697 61 2729 ..³
109 2702 205 2728 brono.-
219 2701 452 2736 Quatragesimae
465 2704 590 2728 sanctam
609 2703 819 2728 observantiam
833 2702 982 2731 dissolvit;
997 2703 1092 2728 crudis
1106 2703 1238 2727 carnibus
1256 2704 1285 2728 et
1304 2703 1442 2727 fructibus
1457 2702 1587 2727 arborum
1601 2702 1645 2726 vel
1659 2701 1814 2727 corticibus
1826 2701 1942 2726 uteban-

0 2747 1 2752 ¹
108 2746 155 2771 tur
172 2745 203 2770 in
223 2745 295 2770 cibis
312 2752 363 2770 non
381 2745 469 2770 hanno
487 2745 511 2769 a
527 2747 594 2770 resto
612 2746 643 2769 ai
659 2748 747 2776 quam
764 2744 887 2777 capitolo,
903 2744 958 2775 che,
969 2744 1051 2769 com'd
1067 2745 1193 2774 evidente,
1211 2745 1238 2769 ci
1253 2745 1268 2769 ὲ
1281 2747 1425 2777 per-venato
1443 2745 1514 2769 assat
1529 2746 1647 2768 corrono.
1684 2742 1722 2767 la
1740 2750 1882 2768 mancam
1890 2744 1944 2775 pub

0 2806 12 2818 -,
32 2818 50 2824 Η
107 2788 242 2821 spingam
250 2795 297 2812 con
310 2787 335 2812 lo
346 2789 412 2813 stato
424 2787 469 2812 del
477 2788 562 2812 codice
573 2787 608 2812 da
619 2787 666 2812 cut
676 2788 767 2812 der-tva
781 2788 820 2816 Β,
831 2787 1043 2812 indubbiamente
1059 2787 1114 2811 mal
1131 2787 1227 2812 rtdotto
1245 2794 1313 2812 come
1330 2787 1357 2811 st
1367 2788 1422 2819 pub
1441 2787 1554 2811 dadurre
1572 2786 1656 2810 dtetro
1673 2785 1700 2810 Ia
1718 2787 1802 2810 scorta
1820 2786 1851 2810 di
1870 2787 1893 2810 C
1909 2798 1941 2804 -

12 2843 20 2867 7
46 2821 61 2845 ‘³
111 2834 153 2855 π.
172 2829 363 2855 contraditam
382 2830 410 2854 P
424 2842 457 2848 —
478 2836 520 2863 24.
540 2836 669 2855 concessa
688 2831 716 2855 et
736 2830 901 2854 inconcessa
923 2829 946 2854 C
963 2842 972 2847 -
993 2829 1102 2854 violata
1122 2830 1161 2855 s1t
1182 2831 1205 2855 C
1222 2843 1254 2847 —
1274 2829 1315 2854 26.
1334 2831 1399 2862 post
1418 2830 1513 2854 obesse
1532 2829 1559 2853 P
1574 2841 1606 2846 —-
1627 2835 1668 2860 30.
1688 2828 1795 2860 pietate
1814 2829 1875 2852 astu
1894 2828 1923 2852 P

4 2983 6 2990 =
55 2992 64 3008 3.
110 2971 201 2998 “Fuit
219 2980 321 3006 magna
342 2974 428 2999 fames
447 2975 477 2998 in
502 2975 576 2999 terra
601 2973 719 2999 Tarenti
744 2975 771 2998 et
797 2973 947 3003 Calabrin
972 2975 1000 2999 et
1054 2974 1203 2999 medesime
1216 2975 1347 2999 dolor-ose
1361 2973 1493 2998 calamita
1507 2979 1638 3005 vengono
1652 2972 1800 3005 registrate
1814 2972 1848 2996 da
1858 2971 1940 2998 Lupo

110 3013 234 3049 “postea
255 3017 334 3041 venit
352 3017 449 3049 pestIs,
467 3018 495 3042 et
515 3017 619 3041 mortui
640 3018 706 3041 sunt
718 3016 848 3042 homines
861 3023 922 3042 curn
937 3017 998 3043 ani·
1053 3016 1259 3048 Pnorosrxm,
1277 3017 1313 3040 ad
1330 3024 1394 3041 ann.
1417 3015 1491 3049 1058,
1510 3022 1524 3039 e
1543 3015 1577 3039 da
1597 3014 1750 3046 Csmumo,
1777 3013 1812 3044 11,
1838 3019 1941 3047 721-22.

2044 358 2074 380 D.
2089 359 2136 381 φύν

2051 409 2074 433 G,
2092 415 2124 434 7²¹

2003 1531 2079 1555 Mus„
2095 1536 2133 1556 ⁵⁵7

2026 1582 2052 1610 C,
2065 1589 2099 1608 γυ

193 2929 202 2948 ¹
225 2930 269 2958 Cf.
299 2931 446 2958 C'Iurom'con
469 2932 544 2957 breve
567 2932 680 2962 Nor-tna„
707 2932 744 2956 ad
766 2939 829 2956 ann.
854 2931 995 2957 MLVIIL·
1056 2932 1203 2958 “malibus
1223 2934 1253 2958 in
1274 2939 1390 2958 numero
1409 2933 1542 2962 maximo,
1562 2931 1593 2956 in
1616 2937 1708 2955 mense
1734 2929 1830 2955 madio
1841 2947 1866 2963 ῃ.
1903 2930 1941 2955 Le
1970 2937 2004 2955 20
