2320 3424
91 238 142 276 [A-
162 240 256 274 1⁰⁶³!
465 233 535 270 DE
562 234 728 271 REBUS
759 232 934 270 GESTIS
961 232 1180 270 ROGERII
1207 230 1418 268 COMITIS
1444 231 1560 267 ETC.
1884 231 1931 266 45

95 307 1928 318 ....................................................................................................................................................................................................

90 355 297 399 acce'perat,
318 355 523 390 Alexandro
545 367 656 400 papae
671 356 692 395 ¹,
724 357 781 400 qui
812 362 895 389 tunc
924 356 1090 399 temporis
1120 356 1197 389 vice
1229 355 1322 389 beati
1351 354 1448 388 Petri
1478 354 1670 397 prudenter
1692 360 1727 387 et
1757 353 1931 387 catholice

92 409 355 453 exsequebatur,
371 410 465 452 apud
479 409 627 442 Romam
642 415 888 453 repraesentat.
934 408 1156 452 Apostolicus
1170 418 1266 450 vero,
1282 409 1360 451 plus
1376 408 1420 441 de
1436 407 1586 440 victoria
1602 418 1623 439 a
1637 407 1713 439 Deo
1729 407 1772 440 de
1789 407 1934 450 paganis

92 473 259 496 concessa
280 473 382 506 quam
406 462 449 495 de
473 462 538 495 sibi
561 462 767 496 transmissis
789 461 940 496 donariis
962 461 1109 506 gavisus,
1133 461 1414 495 benedictionem
1437 460 1665 504 apostolicam
1688 466 1734 500 et,
1763 466 1934 503 potestate

97 525 166 559 qua
186 515 358 555 utebatur,
380 515 627 549 absolutionem
650 516 694 548 de
718 516 871 554 offensis,
886 516 914 548 si
930 515 1174 558 resipiscentes
1187 515 1224 547 in
1240 515 1393 548 futurum
1411 519 1567 552 caveant,
1584 513 1700 547 comiti
1715 519 1751 547 et
1767 513 1935 552 omnibus,

25 593 29 595 μ
51 569 69 602 5
91 569 208 612 quiin
230 568 399 601 lucranda
427 568 471 600 de
503 570 648 613 paganis
679 569 800 602 Sicilia
831 574 867 601 et
898 569 1064 602 lucratam
1095 568 1133 600 in
1163 574 1364 611 perpetuum
1396 568 1443 600 ad
1473 567 1576 599 fidem
1600 567 1729 600 Christi
1752 567 1935 600 retinendo

18 619 19 622 ’
92 621 350 660 auxiliarentur,
374 621 526 660 mandat,
550 622 781 665 vexillumque
804 633 824 654 a
847 622 1007 654 Romana
1030 621 1135 659 Sede,
1159 621 1347 663 apostolica
1369 620 1578 653 auctoritate
1595 620 1850 663 consignatum
1867 631 1935 663 quo

91 674 260 719 praemio,
283 675 327 707 de
351 675 443 708 beati
465 675 559 708 Petri
581 676 632 708 fisi
655 675 840 718 praesidio,
864 674 970 707 tutius
992 675 1028 706 in
1051 674 1245 708 Saracenos
1268 673 1474 706 debellaturi
1498 673 1725 717 insurgerent.

179 772 348 805 XXXIV.
372 790 413 795 —-
438 772 554 805 Pisani
578 782 661 816 ergo
685 777 905 811 mercatores,
928 772 987 814 qui
1010 770 1147 814 saepius
1170 771 1285 803 navali
1312 770 1522 803 commercio
1539 770 1748 803 Panormum
1765 771 1936 804 lucratum

33 838 38 854 ·.
91 825 212 859 venire
235 826 326 858 soliti
348 831 458 865 erant,
482 827 648 870 quasdam
671 825 815 869 injurias
837 824 881 857 ab
903 825 986 867 ipsis
1008 823 1262 857 Panormitanis
1283 824 1377 865 passi
1399 823 1571 857 vindicari
1601 824 1793 866 cupienter»,
1823 825 1936 858 navali

34 879 72 918 ‚0
94 878 250 912 exercitu
272 879 425 922 undique
449 879 608 918 conflato,
631 878 709 911 vela
731 888 793 921 per
814 888 910 910 mare
932 877 1042 910 ventis
1064 877 1331 915 committentes,
1355 877 1449 919 apud
1471 875 1639 916 Siciliam,
1661 877 1696 909 in
1719 883 1823 920 portu
1838 878 1939 911 vallis

93 932 260 965 Deminae
283 932 524 975 applicuerunt
536 931 559 970 ²,
581 931 800 976 legatumque
818 930 937 962 comiti
960 930 1148 974 Traynam,
1164 929 1222 962 ubi
1238 935 1321 962 tunc
1337 929 1543 971 morabatur,
1560 930 1745 970 mittentes,
1761 931 1937 970 mandant,

92 991 130 1018 ut
152 986 303 1027 equestri
326 986 483 1019 exercitu
505 985 714 1018 Panormum
735 984 804 1016 illis
828 989 998 1022 occurrat,
1022 993 1059 1016 se
1082 983 1134 1015 illi
1157 983 1190 1015 in
1214 982 1300 1015 urbe
1324 982 1496 1025 capienda
1518 983 1680 1016 auxilium
1696 984 1835 1022 laturos,
1851 984 1936 1017 nihil

92 1040 248 1082 praemii,
271 1045 417 1082 excepta
439 1038 592 1071 vindicta
614 1038 659 1072 de
680 1038 777 1070 illata
799 1036 863 1070 sibi
885 1036 1021 1081 injuria,
1045 1042 1258 1079 expetentes.
1304 1035 1428 1068 Comes
1452 1046 1545 1076 vero,
1563 1036 1767 1080 quibusdam
1790 1039 1939 1082 negotiis

18 1131 20 1134 y
93 1102 130 1125 se
154 1092 400 1130 detinentibus,
424 1092 469 1124 ad
491 1102 653 1134 praesens
674 1091 725 1124 ire
748 1090 887 1129 distulit,
904 1090 1071 1122 mandans
1086 1090 1155 1122 illis
1170 1095 1208 1122 ut
1224 1089 1397 1122 modicum
1414 1090 1578 1132 temporis
1593 1090 1809 1134 sustinerent,
1826 1092 1938 1124 donec

20 1145 69 1179 15
94 1146 193 1185 haec,
209 1145 332 1188 quibus
355 1146 400 1178 ad
423 1144 598 1189 praesens'
622 1144 772 1177 intentus
794 1149 879 1183 erat,
903 1143 1162 1186 expedirentur.
1208 1143 1317 1175 Porro
1340 1143 1401 1182 illi,
1418 1144 1718 1177 commercialibus
1734 1144 1839 1177 lucris
1861 1145 1937 1187 plu-

95 1209 215 1242 squam
239 1199 374 1232 bellicis
398 1198 574 1231 exercitiis
596 1208 640 1230 ex
663 1197 915 1231 consuetudine
938 1196 1060 1236 dediti,
1085 1197 1265 1235 sustinere,
1289 1206 1333 1229 ne
1355 1197 1460 1230 lucris
1490 1198 1635 1230 assuetis
1666 1197 1793 1231 diutius
1822 1199 1939 1240 priva-

94 1258 223 1292 rentur,
246 1253 413 1291 nolentes,
436 1251 713 1294 Panormumque
735 1261 801 1293 per
821 1260 859 1283 se
880 1250 1053 1282 incassum
1070 1250 1215 1294 aggredi
1233 1250 1469 1293 disponentes,
1485 1251 1563 1283 vela
1579 1251 1614 1284 in
1630 1257 1766 1294 portum
1783 1253 1937 1285 eiusdem

95 1305 192 1339 urbis
208 1306 370 1349 dirigunt.
416 1305 488 1339 Sed
503 1304 685 1348 plurimam
701 1303 955 1337 multitudinem
970 1303 1121 1337 hostium
1137 1303 1364 1337 exhorrentes
1380 1309 1415 1336 et
1430 1304 1474 1337 ob
1491 1305 1558 1337 hoc
1575 1315 1595 1336 a
1611 1305 1755 1338 navibus
1770 1307 1938 1349 progredi

29 1393 35 1400 Ὗ
94 1359 237 1392 minime
259 1364 527 1401 praesumentes,
549 1363 674 1391 catena
694 1357 946 1397 tantummodo,
972 1367 1062 1400 quae
1092 1363 1227 1400 portum
1251 1357 1295 1390 ab
1317 1368 1386 1390 una
1409 1358 1484 1400 ripa
1507 1358 1552 1390 ad
1575 1358 1719 1391 alteram
1742 1359 1938 1399 claudebat,

16 1419 25 1450 ·;
52 1414 72 1446 0
96 1412 258 1451 abscissa,
281 1412 349 1446 hoc
372 1412 439 1445 sibi
461 1421 557 1445 more
579 1422 661 1444 suae
684 1410 797 1454 gentis
818 1420 883 1454 pro
905 1410 1056 1443 maximo
1078 1416 1288 1453 reputantes,
1312 1410 1429 1444 Pisam
1452 1411 1581 1444 reversi
1605 1418 1683 1445 sunt
1694 1411 1718 1444 ³.

183 1509 324 1543 XXXV
337 1509 361 1542 ⁴.
384 1527 427 1533 --
450 1509 574 1542 Comes
596 1509 724 1552 itaque,
746 1507 868 1541 videns
890 1513 1054 1540 aestatem
1088 1508 1292 1550 proximam,
1315 1518 1404 1551 quae
1426 1519 1510 1551 prae
1533 1508 1641 1541 nimio
1665 1509 1781 1542 calore
1806 1521 1826 1542 a
1856 1510 1941 1543 vici-

93 1563 203 1596 nitate
220 1563 301 1596 solis
316 1562 484 1595 ferventis
508 1562 688 1596 caniculae
712 1561 883 1604 pluriores
906 1561 1079 1604 equitatus
1104 1561 1141 1593 in
1157 1561 1312 1603 praedali
1329 1561 1497 1595 exercitio
1514 1561 1590 1594 fieri
1606 1562 1820 1604 prohiberet,
1838 1564 1940 1596 fratri

97 1617 178 1650 duci
199 1617 236 1649 in
260 1615 424 1659 Apuliam
445 1616 594 1655 interim,
617 1615 718 1648 dum'
740 1615 935 1659 importuna
957 1620 1068 1648 aestas
1091 1620 1319 1658 pertranseat,
1342 1615 1394 1647 ire
1409 1615 1610 1658 disponens,
1626 1626 1670 1647 ne
1686 1626 1829 1649 uxorem
1845 1628 1939 1650 suam

96 1676 132 1704 et
152 1670 277 1703 milites
300 1680 379 1703 cum
400 1670 477 1712 ipsa
498 1675 718 1702 remanentes
740 1668 870 1711 absque
895 1668 1078 1711 stipendiis
1108 1668 1339 1711 derelinquat,
1370 1668 1572 1701 Golisanum
1603 1679 1671 1701 una
1695 1669 1762 1708 die,
1786 1671 1939 1704 secunda

55 1722 75 1756 5
97 1722 295 1762 Brucatum,
318 1722 419 1756 tertia
441 1722 651 1756 Cefaludum
664 1721 903 1764 ‘praedatum
926 1721 1039 1754 aciem
1062 1721 1191 1765 dirigit,
1237 1721 1366 1765 Sicque
1397 1722 1574 1766 Traynam
1598 1722 1705 1756 multa
1729 1722 1940 1757 abundantia

96 1776 246 1820 replens,
269 1775 436 1809 militibus
457 1776 538 1814 suis,
559 1781 608 1815 ut,
631 1775 750 1808 urbem
774 1773 999 1808 attentissime
1029 1774 1287 1818 pervigilantes,
1316 1776 1473 1808 incursus
1495 1775 1644 1808 hostium
1667 1776 1858 1818 prudenter
1881 1788 1939 1810 ca-

97 1834 214 1867 veant,
237 1834 271 1862 et
293 1839 337 1861 ne
360 1828 571 1872 aliquorsum
594 1828 731 1871 longius
753 1827 797 1860 ab
812 1827 906 1870 urbe,
923 1828 1040 1871 aliqua
1055 1828 1239 1861 occasione
1255 1828 1517 1870 intercurrente,
1533 1829 1811 1872 progrediantur,
1828 1830 1943 1863 multis

97 1881 392 1916 exhortationibus
415 1881 642 1920 commonitis,
664 1881 739 1924 ipse
762 1891 880 1914 versus
894 1880 1068 1924 Apuliam,
1086 1891 1164 1914 cum
1178 1881 1287 1913 fratre
1303 1881 1390 1924 quid
1406 1881 1550 1914 ulterius
1564 1880 1739 1926 agendum
1755 1882 1799 1915 sit
1814 1888 1943 1915 tracta-

36 1951 46 1970 κ,
97 1941 204 1974 turus,
232 1935 340 1968 vadit.
385 1934 642 1978 Plurimumque
673 1935 719 1967 ad
745 1934 895 1966 invicem
927 1934 1158 1973 conferentes,
1189 1935 1340 1973 tandem,
1371 1933 1616 1978 refrigerante'
1649 1936 1775 1975 calore,
1801 1942 1939 1970 centum

39 2030 42 2037 ν
98 1988 262 2022 militibus
284 1988 352 2022 sibi
375 1988 418 2021 ab
442 1998 484 2021 eo
505 1988 541 2020 in
565 1988 727 2020 auxilium
743 1988 907 2030 acceptis,
923 1988 959 2020 in
977 1987 1132 2020 Siciliam
1149 1987 1298 2027 rediens,
1314 1999 1432 2021 versus
1448 1988 1663 2031 provinciam
1677 1988 1943 2034 Agrigentinam

99 2053 178 2076 cum
208 2042 367 2076 ducentis
395 2040 558 2075 militibus
587 2041 790 2084 praedatum
822 2041 925 2074 vadit.
972 2041 1075 2074 Unde
1106 2051 1184 2074 cum
1212 2040 1354 2080 rediret,
1386 2052 1464 2075 cum
1495 2042 1642 2075 maxima
1674 2049 1773 2084 parte
1796 2043 1940 2077 militum

98 2106 236 2128 suorum
258 2095 423 2138 praedam
446 2095 661 2138 praecedere
683 2094 910 2137 praecipiens,
933 2094 1010 2137 ipse
1034 2105 1112 2127 cum
1135 2093 1288 2138 reliquis'
1312 2095 1402 2128 inter
1425 2095 1511 2128 duos
1535 2105 1663 2128 cuneos
1686 2097 1836 2129 minatur
1851 2107 1895 2129 ne
1919 2108 1939 2129 a

39 2167 42 2171 ·
98 2148 214 2182 fronte
237 2149 293 2182 vel
316 2155 411 2182 certe
435 2160 456 2181 a
477 2155 576 2192 tergo
601 2149 717 2191 aliquo
741 2147 856 2181 hostili
878 2147 1021 2180 incursu
1045 2154 1277 2182 excuteretur.

32 2246 36 2248 μ
186 2202 296 2236 Ροπο
318 2202 479 2235 Africani
502 2208 537 2235 et
559 2201 714 2240 Arabici,
737 2211 815 2234 cum
839 2207 955 2234 essent
976 2202 1157 2245 cupientes
1178 2202 1300 2235 ulcisci
1316 2203 1360 2236 de
1377 2203 1523 2236 victoria
1538 2204 1575 2235 in
1591 2203 1793 2236 Ceramensi
1810 2204 1943 2247 proelio

30 2254 75 2299 3'325
99 2257 165 2290 sibi
187 2256 302 2290 ablata
325 2262 360 2290 et
381 2256 656 2298 lauden-quam
679 2255 727 2288 ibi
750 2256 944 2297 amiserant,
974 2255 1173 2299 aliquando,
1196 2255 1261 2289 sibi
1283 2257 1425 2290 favente
1452 2258 1601 2295 fortuna,
1631 2267 1850 2300 recuperare,
1882 2268 1945 2291 co-

188 2377 214 2402 3.
233 2369 431 2394 benedictione
450 2368 610 2401 apostolica
628 2368 656 2392 P
672 2381 705 2386 —-
727 2374 767 2393 10.
785 2366 921 2401 exercitu]
940 2368 1016 2393 bello
1036 2369 1099 2393 BD
1118 2383 1150 2387 —
1167 2375 1206 2393 12.
1219 2369 1356 2394 Panormi
1369 2371 1399 2395 D
1413 2382 1421 2387 -
1436 2370 1551 2395 iilis...
1563 2389 1568 2394 .
1582 2369 1704 2394 laturum
1724 2370 1748 2393 B
1763 2384 1794 2388 —
1813 2376 1899 2402 12·r3.
1914 2372 1941 2395 vi

102 2413 171 2438 talis
189 2413 318 2445 praemii,
335 2412 478 2444 acceptam
497 2410 655 2435 vindictam
675 2410 773 2435 illatae
786 2411 815 2436 P
825 2410 849 2435 C
860 2423 891 2428 —
907 2416 947 2443 17.
960 2412 1074 2443 portum
1087 2419 1135 2436 om.
1149 2411 1175 2435 B
1187 2424 1222 2429 --
1236 2418 1277 2444 19.
1291 2410 1364 2445 ripa]
1377 2414 1456 2445 parte
1471 2412 1495 2435 P
1506 2426 1538 2429 —
1554 2418 1595 2436 zo.
1609 2414 1636 2436 et
1648 2412 1702 2437 hoc
1715 2413 1773 2437 PC
1785 2426 1793 2430 -
1808 2411 1943 2446 maximo]

102 2456 236 2488 proximo
254 2454 283 2479 Ρ
299 2467 331 2472 ——
351 2460 393 2478 22.
412 2453 483 2478 solis
501 2460 550 2478 om.
569 2453 633 2477 BD
651 2467 684 2471 --
704 2459 745 2484 ²4·
765 2452 900 2477 Gulosam
919 2453 948 2478 P
965 2467 997 2470 —
1018 2460 1059 2485 ²5·
1073 2454 1224 2478 Brocatum
1236 2454 1265 2479 P
1276 2467 1285 2471 -
1299 2453 1495 2487 Cephaludum
1508 2454 1536 2480 P
1547 2467 1555 2473 ·
1570 2456 1630 2479 acie
1643 2456 1670 2480 P
1682 2468 1713 2472 —
1728 2461 1770 2487 ²7·
1784 2455 1944 2480 incurrente

46 2487 53 2507 ἶ
104 2498 169 2523 BD
187 2509 220 2515 -
241 2496 282 2521 28.
301 2495 382 2528 quid]
402 2498 450 2528 qul
468 2495 495 2520 P
508 2507 520 2514 —
539 2494 678 2528 agendum
691 2494 741 2526 sit]
757 2495 917 2519 faciendum
932 2495 1006 2520 foret
1021 2496 1086 2520 BD
1099 2509 1131 2513 —
1146 2502 1187 2528 30.
1203 2497 1232 2520 in
1246 2495 1376 2521 Siciliam
1389 2496 1499 2521 rediens
1512 2504 1559 2522 om.
1576 2498 1637 2522 PB
1648 2498 1677 2521 D
1689 2510 1722 2514 ——
1736 2504 1778 2528 31,
1792 2496 1873 2521 Unde
1884 2514 1891 2521 .
1902 2514 1908 2521 .
1919 2514 1926 2522 .
1937 2514 1944 2522 .

103 2537 240 2574 militum]
259 2547 322 2564 cum
341 2538 464 2563 maxima
483 2537 589 2571 praeda
608 2538 674 2562 inde
692 2537 797 2562 rediret
817 2538 845 2563 P
861 2551 894 2556 --
914 2543 956 2569 32.
976 2537 1113 2571 minatur]
1135 2539 1275 2564 invitatur
1294 2539 1360 2564 ‘BD
1380 2552 1411 2556 —
1432 2544 1475 2571 35.
1494 2546 1657 2571 recuperare
1677 2541 1791 2571 possent
1810 2539 1875 2564 BD

189 2638 198 2656 ¹
217 2639 389 2665 Alessnndro
407 2639 433 2664 11
453 2637 637 2672 (1061-1073).
1136 2638 1147 2655 ⁴
1165 2639 1198 2664 In
1219 2642 1293 2666 tutte
1311 2641 1338 2666 le
1356 2641 1479 2666 edizioni
1501 2641 1699 2666 malaterriane
1712 2641 1809 2666 buona
1823 2643 1902 2674 parte
1915 2642 1945 2666 di

1 2697 6 2711 1
189 2680 200 2698 ²
213 2681 337 2712 Quattro
356 2683 432 2715 porti
453 2683 481 2706 vi
496 2682 643 2707 sarebbero
655 2683 732 2710 stati,
747 2681 871 2710 secondo
891 2681 995 2712 Edris1‚
1049 2684 1147 2714 questo
1166 2683 1293 2715 capitolo
1315 2682 1384 2714 (fino
1404 2683 1439 2708 ad
1461 2682 1566 2708 “Unde
1592 2690 1654 2707 cum
1666 2701 1679 2714 ‚,
1701 2683 1765 2715 etc.)
1786 2684 1851 2708 vlen
1871 2691 1944 2708 com-

1 2732 8 2758 ,’Φ
43 2732 63 2763 ‚¹3
102 2725 134 2750 ln
151 2725 206 2750 Val
225 2724 352 2750 nemone
371 2725 416 2750 nel
430 2731 485 2750 sec.
497 2724 565 2750 xn:
579 2723 715 2756 Caronia,
735 2723 855 2756 oliveri,
871 2723 994 2749 Milazzo
1048 2731 1129 2758 presa
1149 2725 1194 2749 nel
1213 2732 1274 2758 cap.
1293 2725 1420 2755 XXXIV,
1439 2733 1453 2750 e
1474 2725 1495 2749 il
1515 2727 1590 2750 resto
1611 2725 1702 2750 forma
1723 2726 1742 2749 ii
1758 2733 1816 2759 esp.
1832 2725 1945 2751 XXXV.

1 2762 7 2808 L
48 2759 56 2778 ·”
102 2773 119 2792 e
135 2766 270 2792 Messlna.
1049 2766 1101 2791 Nel
1128 2767 1189 2792 cod.
1211 2767 1234 2791 C
1256 2768 1291 2792 da
1316 2769 1415 2800 questo
1435 2769 1525 2799 punto
1545 2767 1689 2800 principia
1709 2767 1729 2791 il
1751 2775 1811 2800 cap.
1830 2767 1944 2793 XXXV.

188 2807 200 2825 ⁸
212 2809 294 2834 Neue
307 2809 457 2834 iscrizioni
470 2809 546 2834 della
558 2808 727 2833 PrimazIale
746 2809 776 2833 dl
795 2807 995 2841 Pisa(cs.A1--
1136 2807 1147 2823 ὓ
1164 2809 1316 2841 Goilsano,
1337 2810 1468 2839 Brucato,
1489 2809 1605 2840 Cefali13
1625 2810 1701 2834 tutte
1727 2817 1742 2834 e
1769 2811 1812 2834 tre
1831 2810 1861 2834 ln
1882 2817 1944 2842 pro-

104 2850 230 2877 chlvio
249 2851 396 2877 Storico
416 2851 511 2880 Ital„
531 2851 590 2876 vol.
609 2850 656 2881 VI,
676 2859 703 2884 p.
720 2857 754 2880 ιι.
767 2858 792 2883 p.
809 2849 835 2884 5)
852 2849 894 2876 v’e
906 2850 996 2875 un'al-
1049 2852 1146 2877 vincia
1164 2853 1193 2877 di
1214 2852 1354 2878 Palermo.
1392 2844 1411 2877 E
1432 2853 1530 2877 chiaro
1556 2859 1634 2876 come
1660 2854 1756 2884 queste
1783 2854 1945 2878 incursioni

2 2894 6 2898 ’
46 2902 47 2907 ¹
103 2893 217 2920 lusione
235 2901 252 2919 a
269 2895 366 2927 questa
379 2895 545 2927 spedizione
564 2895 665 2927 pisana
683 2894 727 2918 del
750 2893 816 2927 1063
836 2894 867 2918 in
886 2893 995 2919 Sicilia.
1049 2894 1131 2919 slano
1149 2897 1292 2920 avvenute
1311 2896 1338 2920 ai
1358 2894 1484 2928 principi
1509 2894 1663 2919 dell'estate
1691 2894 1735 2919 del
1765 2894 1842 2928 1063.
1868 2898 1947 2920 ante-

2 2926 11 2938 (
43 2937 51 2950 ¹
104 2933 155 2961 Gn
166 2936 285 2962 males
297 2936 391 2962 Hm!
402 2936 454 2969 (M.
470 2936 503 2961 G.
517 2936 552 2961 H.
565 2935 624 2964 SS..
638 2935 711 2965 XIX,
726 2935 788 2968 238)
801 2934 897 2962 ddnno
908 2937 996 2962 anche
1049 2936 1202 2962 rlormente
1219 2937 1392 2970 all’lmpresa
1413 2938 1521 2968 pisana.
1558 2936 1635 2962 Sono
1649 2935 1848 2962 dell’autunno
1868 2937 1945 2962 dello

3 2983 11 2996 θ
42 2994 65 3014 n·
105 2976 134 3002 la
151 2976 218 3002 data
235 2977 265 3002 di
285 2979 384 3010 questo
405 2978 478 3002 fatto
497 2976 600 3002 d’arme
620 2976 666 3002 nel
686 2977 771 3009 porto
795 2977 824 3001 dl
850 2977 996 3003 Palen-mot
1048 2980 1137 3004 stesso
1157 2987 1233 3005 anno
1260 2980 1416 3005 i'avsnzsta
1439 2979 1495 3003 fino
1522 2987 1538 3003 a
1566 2978 1699 3011 Girgenti
1727 2988 1741 3004 e
1768 2979 1945 3006 l’imboscsts

1 3038 12 3055 „-
107 3017 162 3044 “Iu
181 3019 228 3044 die
245 3020 337 3045 sancti
357 3019 512 3053 Agapitim
532 3020 607 3044 ossis
624 3019 646 3044 il
669 3017 700 3044 18
725 3020 824 3052 sgosto
848 3019 892 3045 del
921 3019 997 3053 1063.
1052 3022 1171 3047 nemica.

2003 364 2036 390 D,
2051 364 2110 385 108⁷

2005 1629 2078 1652 Mus..
2095 1634 2133 1654 570

2027 1949 2050 1973 C,
2067 1955 2113 1970 nr

2010 2109 2040 2133 Ι),
2057 2110 2097 2129 1οὲ
2103 2116 2117 2129 ν

1974 2819 2008 2837 20

1943 3029 2006 3058 ,25
