<?xml version="1.0" encoding="UTF-8"?>
<!DOCTYPE html PUBLIC "-//W3C//DTD XHTML 1.0 Transitional//EN"
    "http://www.w3.org/TR/xhtml1/DTD/xhtml1-transitional.dtd">
<html xmlns="http://www.w3.org/1999/xhtml" xml:lang="en" lang="en">
 <head>
  <title>
</title>
<meta http-equiv="Content-Type" content="text/html;charset=utf-8" />
  <meta name='ocr-system' content='tesseract 3.04.00' />
  <meta name='ocr-capabilities' content='ocr_page ocr_carea ocr_par ocr_line ocrx_word'/>
</head>
<body>
  <div class='ocr_page' id='page_1' title='image "./rerumitalicarums51murauoft_0148.png"; bbox 0 0 2314 3418; ppageno 0'>
   <div class='ocr_carea' id='block_1_1' title="bbox 182 376 270 401">
    <p class='ocr_par' dir='ltr' id='par_1_1' title="bbox 182 376 270 401">
     <span class='ocr_line' id='line_1_1' title="bbox 182 376 270 401; baseline 0.011 -5"><span class='ocrx_word' id='word_1_1' title='bbox 182 376 206 401; x_wconf 80' lang='lat' dir='ltr'>C,</span> <span class='ocrx_word' id='word_1_2' title='bbox 222 377 270 397; x_wconf 66' lang='lat' dir='ltr'>:ov</span> 
     </span>
    </p>
   </div>
   <div class='ocr_carea' id='block_1_2' title="bbox 159 1004 264 1028">
    <p class='ocr_par' dir='ltr' id='par_1_2' title="bbox 159 1004 264 1028">
     <span class='ocr_line' id='line_1_2' title="bbox 159 1004 264 1028; baseline -0.01 -4"><span class='ocrx_word' id='word_1_3' title='bbox 159 1004 190 1028; x_wconf 90' lang='lat' dir='ltr'>D,</span> <span class='ocrx_word' id='word_1_4' title='bbox 205 1009 243 1028; x_wconf 85' lang='lat'>1¹5</span> <span class='ocrx_word' id='word_1_5' title='bbox 250 1010 264 1023; x_wconf 81' lang='lat' dir='ltr'><em>v</em></span> 
     </span>
    </p>
   </div>
   <div class='ocr_carea' id='block_1_3' title="bbox 279 2563 312 2580">
    <p class='ocr_par' dir='ltr' id='par_1_3' title="bbox 279 2563 312 2580">
     <span class='ocr_line' id='line_1_3' title="bbox 279 2563 312 2580; baseline 0 0"><span class='ocrx_word' id='word_1_6' title='bbox 279 2563 312 2580; x_wconf 70' lang='grc' dir='ltr'>ΚΟ</span> 
     </span>
    </p>
   </div>
   <div class='ocr_carea' id='block_1_4' title="bbox 280 2774 309 2800">
    <p class='ocr_par' dir='ltr' id='par_1_4' title="bbox 280 2774 309 2800">
     <span class='ocr_line' id='line_1_4' title="bbox 280 2774 309 2800; baseline 0 0"><span class='ocrx_word' id='word_1_7' title='bbox 280 2774 309 2800; x_wconf 85' lang='lat'>15</span> 
     </span>
    </p>
   </div>
   <div class='ocr_carea' id='block_1_5' title="bbox 2026 245 2195 283">
    <p class='ocr_par' dir='ltr' id='par_1_5' title="bbox 2026 245 2195 283">
     <span class='ocr_line' id='line_1_5' title="bbox 2026 245 2195 283; baseline 0.006 -10"><span class='ocrx_word' id='word_1_8' title='bbox 2026 245 2078 283; x_wconf 78' lang='lat' dir='ltr'>[A.</span> <span class='ocrx_word' id='word_1_9' title='bbox 2099 246 2195 282; x_wconf 76' lang='lat'><strong>10⁷5]</strong></span> 
     </span>
    </p>
   </div>
   <div class='ocr_carea' id='block_1_6' title="bbox 345 362 2192 452">
    <p class='ocr_par' dir='ltr' id='par_1_6' title="bbox 345 362 2192 452">
     <span class='ocr_line' id='line_1_6' title="bbox 346 362 2192 410; baseline -0.002 -11"><span class='ocrx_word' id='word_1_10' title='bbox 346 377 477 410; x_wconf 88' lang='lat' dir='ltr'>gressu,</span> <span class='ocrx_word' id='word_1_11' title='bbox 501 367 733 399; x_wconf 88' lang='lat' dir='ltr'>Hermannum</span> <span class='ocrx_word' id='word_1_12' title='bbox 758 366 927 402; x_wconf 88' lang='lat' dir='ltr'>comitem,</span> <span class='ocrx_word' id='word_1_13' title='bbox 951 363 1112 397; x_wconf 82' lang='lat' dir='ltr'>&#39;fratrem</span> <span class='ocrx_word' id='word_1_14' title='bbox 1137 362 1363 407; x_wconf 83' lang='lat' dir='ltr'>Abagelardi,</span> <span class='ocrx_word' id='word_1_15' title='bbox 1387 362 1540 405; x_wconf 87' lang='lat' dir='ltr'>capiens,</span> <span class='ocrx_word' id='word_1_16' title='bbox 1563 363 1719 407; x_wconf 87' lang='lat' dir='ltr'>Rogerio</span> <span class='ocrx_word' id='word_1_17' title='bbox 1741 363 1841 398; x_wconf 73' lang='lat' dir='ltr'>fiatri</span> <span class='ocrx_word' id='word_1_18' title='bbox 1863 365 1899 397; x_wconf 88' lang='lat' dir='ltr'>in</span> <span class='ocrx_word' id='word_1_19' title='bbox 1915 365 2000 398; x_wconf 91' lang='lat' dir='ltr'>turri</span> <span class='ocrx_word' id='word_1_20' title='bbox 2016 363 2192 397; x_wconf 82' lang='lat' dir='ltr'>Melitensi</span> 
     </span>
     <span class='ocr_line' id='line_1_7' title="bbox 345 419 735 452; baseline -0.003 0"><span class='ocrx_word' id='word_1_21' title='bbox 345 420 595 452; x_wconf 89' lang='lat' dir='ltr'>recludendum</span> <span class='ocrx_word' id='word_1_22' title='bbox 619 419 735 452; x_wconf 84' lang='lat' dir='ltr'>mittit.</span> 
     </span>
    </p>
   </div>
   <div class='ocr_carea' id='block_1_7' title="bbox 337 513 2314 1624">
    <p class='ocr_par' dir='ltr' id='par_1_7' title="bbox 342 513 2309 824">
     <span class='ocr_line' id='line_1_8' title="bbox 432 513 2191 559; baseline 0 -11"><span class='ocrx_word' id='word_1_23' title='bbox 432 516 492 549; x_wconf 86' lang='lat' dir='ltr'>VI.</span> <span class='ocrx_word' id='word_1_24' title='bbox 519 534 554 539; x_wconf 93' lang='lat'>—</span> <span class='ocrx_word' id='word_1_25' title='bbox 582 516 653 555; x_wconf 83' lang='lat' dir='ltr'>Qui</span> <span class='ocrx_word' id='word_1_26' title='bbox 676 515 756 548; x_wconf 92' lang='lat' dir='ltr'>dum</span> <span class='ocrx_word' id='word_1_27' title='bbox 780 516 815 547; x_wconf 89' lang='lat' dir='ltr'>in</span> <span class='ocrx_word' id='word_1_28' title='bbox 839 515 987 547; x_wconf 88' lang='lat' dir='ltr'>vinculis</span> <span class='ocrx_word' id='word_1_29' title='bbox 1009 514 1155 547; x_wconf 90' lang='lat' dir='ltr'>obscuro</span> <span class='ocrx_word' id='word_1_30' title='bbox 1179 524 1319 547; x_wconf 87' lang='lat' dir='ltr'>carcere</span> <span class='ocrx_word' id='word_1_31' title='bbox 1342 514 1567 553; x_wconf 84' lang='lat' dir='ltr'><strong>cruciaretur,</strong></span> <span class='ocrx_word' id='word_1_32' title='bbox 1591 513 1842 558; x_wconf 84' lang='lat' dir='ltr'>Abagelardus,</span> <span class='ocrx_word' id='word_1_33' title='bbox 1865 517 2018 550; x_wconf 84' lang='lat' dir='ltr'>fraterna</span> <span class='ocrx_word' id='word_1_34' title='bbox 2033 525 2191 559; x_wconf 83' lang='lat' dir='ltr'>compas-</span> 
     </span>
     <span class='ocr_line' id='line_1_9' title="bbox 344 566 2308 611; baseline 0.001 -10"><span class='ocrx_word' id='word_1_35' title='bbox 344 570 441 602; x_wconf 85' lang='lat' dir='ltr'>sione</span> <span class='ocrx_word' id='word_1_36' title='bbox 465 575 585 606; x_wconf 88' lang='lat' dir='ltr'>tactus‚</span> <span class='ocrx_word' id='word_1_37' title='bbox 608 569 804 610; x_wconf 88' lang='lat' dir='ltr'><strong>pactionem</strong></span> <span class='ocrx_word' id='word_1_38' title='bbox 828 578 907 600; x_wconf 91' lang='lat' dir='ltr'>cum</span> <span class='ocrx_word' id='word_1_39' title='bbox 938 568 1037 606; x_wconf 87' lang='lat' dir='ltr'>duce,</span> <span class='ocrx_word' id='word_1_40' title='bbox 1069 573 1116 605; x_wconf 91' lang='lat' dir='ltr'>ut,</span> <span class='ocrx_word' id='word_1_41' title='bbox 1148 567 1268 600; x_wconf 90' lang='lat' dir='ltr'>urbem</span> <span class='ocrx_word' id='word_1_42' title='bbox 1298 566 1365 600; x_wconf 89' lang='lat' dir='ltr'>sibi</span> <span class='ocrx_word' id='word_1_43' title='bbox 1396 567 1558 607; x_wconf 84' lang='lat' dir='ltr'>reddens,</span> <span class='ocrx_word' id='word_1_44' title='bbox 1589 567 1732 600; x_wconf 76' lang='lat' dir='ltr'>fratrem</span> <span class='ocrx_word' id='word_1_45' title='bbox 1762 569 1918 611; x_wconf 85' lang='lat' dir='ltr'>recipiat,</span> <span class='ocrx_word' id='word_1_46' title='bbox 1949 569 2047 602; x_wconf 75' lang='lat' dir='ltr'>facit.</span> <span class='ocrx_word' id='word_1_47' title='bbox 2091 568 2191 602; x_wconf 90' lang='lat' dir='ltr'>Duce</span> <span class='ocrx_word' id='word_1_48' title='bbox 2306 606 2308 610; x_wconf 21' lang='lat' dir='ltr'>y</span> 
     </span>
     <span class='ocr_line' id='line_1_10' title="bbox 344 615 2309 665; baseline -0.001 -11"><span class='ocrx_word' id='word_1_49' title='bbox 344 623 471 665; x_wconf 90' lang='lat' dir='ltr'>itaque,</span> <span class='ocrx_word' id='word_1_50' title='bbox 495 621 560 654; x_wconf 91' lang='lat' dir='ltr'>hac</span> <span class='ocrx_word' id='word_1_51' title='bbox 585 621 775 653; x_wconf 89' lang='lat' dir='ltr'>calliditate</span> <span class='ocrx_word' id='word_1_52' title='bbox 797 620 894 653; x_wconf 90' lang='lat' dir='ltr'>illum</span> <span class='ocrx_word' id='word_1_53' title='bbox 919 619 1130 658; x_wconf 90' lang='lat' dir='ltr'>deludendo,</span> <span class='ocrx_word' id='word_1_54' title='bbox 1146 620 1250 653; x_wconf 89' lang='lat' dir='ltr'>fidem</span> <span class='ocrx_word' id='word_1_55' title='bbox 1267 621 1381 658; x_wconf 88' lang='lat' dir='ltr'>dante,</span> <span class='ocrx_word' id='word_1_56' title='bbox 1396 626 1445 658; x_wconf 93' lang='lat' dir='ltr'>ut,</span> <span class='ocrx_word' id='word_1_57' title='bbox 1461 630 1540 652; x_wconf 91' lang='lat' dir='ltr'>cum</span> <span class='ocrx_word' id='word_1_58' title='bbox 1557 620 1649 662; x_wconf 89' lang='lat' dir='ltr'>apud</span> <span class='ocrx_word' id='word_1_59' title='bbox 1665 619 1887 664; x_wconf 86' lang='lat' dir='ltr'>Garganum¹</span> <span class='ocrx_word' id='word_1_60' title='bbox 1903 621 2063 654; x_wconf 83' lang='lat' dir='ltr'>venirent</span> <span class='ocrx_word' id='word_1_61' title='bbox 2078 639 2121 645; x_wconf 90' lang='lat'><em>-</em></span> <span class='ocrx_word' id='word_1_62' title='bbox 2136 621 2187 654; x_wconf 82' lang='lat' dir='ltr'>sic</span> <span class='ocrx_word' id='word_1_63' title='bbox 2233 621 2252 654; x_wconf 85' lang='lat'>5</span> <span class='ocrx_word' id='word_1_64' title='bbox 2289 619 2291 623; x_wconf 88' lang='lat'>&#39;</span> <span class='ocrx_word' id='word_1_65' title='bbox 2306 615 2309 652; x_wconf 66' lang='lat' dir='ltr'>s</span> 
     </span>
     <span class='ocr_line' id='line_1_11' title="bbox 345 673 2190 717; baseline 0 -10"><span class='ocrx_word' id='word_1_66' title='bbox 345 675 435 707; x_wconf 91' lang='lat' dir='ltr'>enim</span> <span class='ocrx_word' id='word_1_67' title='bbox 460 680 609 707; x_wconf 83' lang='lat' dir='ltr'><strong>castrum</strong></span> <span class='ocrx_word' id='word_1_68' title='bbox 634 674 809 717; x_wconf 90' lang='lat' dir='ltr'>quoddam</span> <span class='ocrx_word' id='word_1_69' title='bbox 834 673 1013 706; x_wconf 85' lang='lat' dir='ltr'>dicebatur</span> <span class='ocrx_word' id='word_1_70' title='bbox 1037 692 1089 711; x_wconf 91' lang='grc'>-,</span> <span class='ocrx_word' id='word_1_71' title='bbox 1113 673 1256 705; x_wconf 76' lang='lat' dir='ltr'>fratrem</span> <span class='ocrx_word' id='word_1_72' title='bbox 1279 673 1346 705; x_wconf 93' lang='lat' dir='ltr'>sibi</span> <span class='ocrx_word' id='word_1_73' title='bbox 1371 683 1391 705; x_wconf 89' lang='lat' dir='ltr'>a</span> <span class='ocrx_word' id='word_1_74' title='bbox 1415 673 1578 715; x_wconf 81' lang='lat' dir='ltr'>captione</span> <span class='ocrx_word' id='word_1_75' title='bbox 1595 673 1739 706; x_wconf 89' lang='lat' dir='ltr'>liberum</span> <span class='ocrx_word' id='word_1_76' title='bbox 1756 674 1930 714; x_wconf 88' lang='lat' dir='ltr'>redderet,</span> <span class='ocrx_word' id='word_1_77' title='bbox 1946 673 2006 707; x_wconf 89' lang='lat' dir='ltr'>ille</span> <span class='ocrx_word' id='word_1_78' title='bbox 2021 674 2190 714; x_wconf 87' lang='lat' dir='ltr'>incautus,</span> 
     </span>
     <span class='ocr_line' id='line_1_12' title="bbox 343 725 2190 771; baseline -0.001 -11"><span class='ocrx_word' id='word_1_79' title='bbox 343 728 448 760; x_wconf 89' lang='lat' dir='ltr'>verba</span> <span class='ocrx_word' id='word_1_80' title='bbox 471 733 712 771; x_wconf 83' lang='lat' dir='ltr'>argumentosa</span> <span class='ocrx_word' id='word_1_81' title='bbox 735 727 876 759; x_wconf 89' lang='lat' dir='ltr'>minime</span> <span class='ocrx_word' id='word_1_82' title='bbox 900 727 1096 764; x_wconf 85' lang='lat' dir='ltr'>advertens,</span> <span class='ocrx_word' id='word_1_83' title='bbox 1119 726 1203 758; x_wconf 91' lang='lat' dir='ltr'>urbe</span> <span class='ocrx_word' id='word_1_84' title='bbox 1228 725 1438 769; x_wconf 81' lang='lat' dir='ltr'>digrediens,</span> <span class='ocrx_word' id='word_1_85' title='bbox 1463 726 1545 759; x_wconf 92' lang='lat' dir='ltr'>duci</span> <span class='ocrx_word' id='word_1_86' title='bbox 1568 736 1644 759; x_wconf 89' lang='lat' dir='ltr'>eam</span> <span class='ocrx_word' id='word_1_87' title='bbox 1673 725 1799 759; x_wconf 88' lang='lat' dir='ltr'>reddit.</span> <span class='ocrx_word' id='word_1_88' title='bbox 1845 727 1975 771; x_wconf 82' lang='lat' dir='ltr'>sicque</span> <span class='ocrx_word' id='word_1_89' title='bbox 2007 739 2085 761; x_wconf 88' lang='lat' dir='ltr'>cum</span> <span class='ocrx_word' id='word_1_90' title='bbox 2116 727 2190 770; x_wconf 85' lang='lat' dir='ltr'>ipso</span> 
     </span>
     <span class='ocr_line' id='line_1_13' title="bbox 342 779 1663 824; baseline -0.002 -11"><span class='ocrx_word' id='word_1_91' title='bbox 342 781 585 824; x_wconf 81' lang='lat' dir='ltr'>aliquantisper</span> <span class='ocrx_word' id='word_1_92' title='bbox 608 786 846 818; x_wconf 83' lang='lat' dir='ltr'>commoratus,</span> <span class='ocrx_word' id='word_1_93' title='bbox 869 780 986 812; x_wconf 76' lang='lat' dir='ltr'>fratris</span> <span class='ocrx_word' id='word_1_94' title='bbox 1008 779 1240 812; x_wconf 89' lang='lat' dir='ltr'>redditionem</span> <span class='ocrx_word' id='word_1_95' title='bbox 1263 779 1391 811; x_wconf 83' lang='lat' dir='ltr'>frustra</span> <span class='ocrx_word' id='word_1_96' title='bbox 1414 779 1663 822; x_wconf 86' lang='lat' dir='ltr'>suspicabatur.</span> 
     </span>
    </p>

    <p class='ocr_par' dir='ltr' id='par_1_8' title="bbox 339 832 2314 1303">
     <span class='ocr_line' id='line_1_14' title="bbox 429 832 2191 876; baseline 0 -10"><span class='ocrx_word' id='word_1_97' title='bbox 429 833 487 872; x_wconf 88' lang='lat' dir='ltr'>At,</span> <span class='ocrx_word' id='word_1_98' title='bbox 513 845 588 866; x_wconf 91' lang='lat' dir='ltr'>cum</span> <span class='ocrx_word' id='word_1_99' title='bbox 612 834 806 867; x_wconf 83' lang='lat' dir='ltr'>Russanutn</span> <span class='ocrx_word' id='word_1_100' title='bbox 833 839 972 865; x_wconf 91' lang='lat' dir='ltr'>ventum</span> <span class='ocrx_word' id='word_1_101' title='bbox 996 838 1058 872; x_wconf 88' lang='lat' dir='ltr'>est,</span> <span class='ocrx_word' id='word_1_102' title='bbox 1082 832 1237 875; x_wconf 86' lang='lat' dir='ltr'>asperius</span> <span class='ocrx_word' id='word_1_103' title='bbox 1260 842 1337 864; x_wconf 90' lang='lat' dir='ltr'>cum</span> <span class='ocrx_word' id='word_1_104' title='bbox 1362 832 1464 871; x_wconf 91' lang='lat' dir='ltr'>duce,</span> <span class='ocrx_word' id='word_1_105' title='bbox 1487 833 1582 876; x_wconf 88' lang='lat' dir='ltr'>quod</span> <span class='ocrx_word' id='word_1_106' title='bbox 1604 833 1745 865; x_wconf 89' lang='lat' dir='ltr'>nimium</span> <span class='ocrx_word' id='word_1_107' title='bbox 1769 833 2040 876; x_wconf 81' lang='lat' dir='ltr'>protraheretur,</span> <span class='ocrx_word' id='word_1_108' title='bbox 2061 843 2191 867; x_wconf 83' lang='lat' dir='ltr'>sermo-</span> 
     </span>
     <span class='ocr_line' id='line_1_15' title="bbox 341 885 2191 930; baseline 0 -10"><span class='ocrx_word' id='word_1_109' title='bbox 341 897 420 920; x_wconf 91' lang='lat' dir='ltr'>nem</span> <span class='ocrx_word' id='word_1_110' title='bbox 443 887 583 925; x_wconf 84' lang='lat' dir='ltr'>habuit3</span> <span class='ocrx_word' id='word_1_111' title='bbox 607 898 724 920; x_wconf 88' lang='lat' dir='ltr'>versus</span> <span class='ocrx_word' id='word_1_112' title='bbox 749 887 950 930; x_wconf 89' lang='lat' dir='ltr'>Garganum</span> <span class='ocrx_word' id='word_1_113' title='bbox 974 892 1010 918; x_wconf 91' lang='lat' dir='ltr'>ut</span> <span class='ocrx_word' id='word_1_114' title='bbox 1026 886 1092 918; x_wconf 85' lang='lat' dir='ltr'>iter</span> <span class='ocrx_word' id='word_1_115' title='bbox 1107 886 1293 925; x_wconf 84' lang='lat' dir='ltr'>acceleret,</span> <span class='ocrx_word' id='word_1_116' title='bbox 1310 885 1477 918; x_wconf 81' lang='lat' dir='ltr'>hortatur.</span> <span class='ocrx_word' id='word_1_117' title='bbox 1523 885 1611 919; x_wconf 90' lang='lat' dir='ltr'>Cum</span> <span class='ocrx_word' id='word_1_118' title='bbox 1628 895 1713 918; x_wconf 91' lang='lat' dir='ltr'>ecce</span> <span class='ocrx_word' id='word_1_119' title='bbox 1731 887 1802 919; x_wconf 89' lang='lat' dir='ltr'>dux</span> <span class='ocrx_word' id='word_1_120' title='bbox 1817 886 1932 919; x_wconf 89' lang='lat' dir='ltr'>dolum</span> <span class='ocrx_word' id='word_1_121' title='bbox 1949 887 2080 930; x_wconf 83' lang='lat' dir='ltr'>aperit:</span> <span class='ocrx_word' id='word_1_122' title='bbox 2096 887 2191 920; x_wconf 78' lang='lat' dir='ltr'>infra</span> 
     </span>
     <span class='ocr_line' id='line_1_16' title="bbox 341 939 2190 983; baseline 0.001 -11"><span class='ocrx_word' id='word_1_123' title='bbox 341 946 473 983; x_wconf 84' lang='lat' dir='ltr'>septem</span> <span class='ocrx_word' id='word_1_124' title='bbox 497 941 630 973; x_wconf 83' lang='lat' dir='ltr'>futuros</span> <span class='ocrx_word' id='word_1_125' title='bbox 654 951 760 973; x_wconf 88' lang='lat' dir='ltr'>annos</span> <span class='ocrx_word' id='word_1_126' title='bbox 783 949 820 972; x_wconf 90' lang='lat' dir='ltr'>se</span> <span class='ocrx_word' id='word_1_127' title='bbox 843 939 937 977; x_wconf 89' lang='lat' dir='ltr'>illuc,</span> <span class='ocrx_word' id='word_1_128' title='bbox 962 949 1030 983; x_wconf 94' lang='lat' dir='ltr'>quo</span> <span class='ocrx_word' id='word_1_129' title='bbox 1055 939 1200 978; x_wconf 85' lang='lat' dir='ltr'>dixerat,</span> <span class='ocrx_word' id='word_1_130' title='bbox 1224 949 1293 971; x_wconf 93' lang='lat' dir='ltr'>non</span> <span class='ocrx_word' id='word_1_131' title='bbox 1316 939 1441 971; x_wconf 90' lang='lat' dir='ltr'>iturum</span> <span class='ocrx_word' id='word_1_132' title='bbox 1466 939 1597 971; x_wconf 86' lang='lat' dir='ltr'>asserit.</span> <span class='ocrx_word' id='word_1_133' title='bbox 1644 939 1707 971; x_wconf 87' lang='lat' dir='ltr'>Ille</span> <span class='ocrx_word' id='word_1_134' title='bbox 1731 940 1780 972; x_wconf 89' lang='lat' dir='ltr'>sic</span> <span class='ocrx_word' id='word_1_135' title='bbox 1806 939 1995 973; x_wconf 82' lang='lat' dir='ltr'>calliditate</span> <span class='ocrx_word' id='word_1_136' title='bbox 2027 939 2125 973; x_wconf 85' lang='lat' dir='ltr'>verbi</span> <span class='ocrx_word' id='word_1_137' title='bbox 2153 949 2190 973; x_wconf 88' lang='lat' dir='ltr'>se</span> 
     </span>
     <span class='ocr_line' id='line_1_17' title="bbox 345 991 2190 1036; baseline -0.001 -10"><span class='ocrx_word' id='word_1_138' title='bbox 345 994 617 1027; x_wconf 88' lang='lat' dir='ltr'>circumventum</span> <span class='ocrx_word' id='word_1_139' title='bbox 642 992 939 1031; x_wconf 84' lang='lat' dir='ltr'>animad&#39;vertens,</span> <span class='ocrx_word' id='word_1_140' title='bbox 963 992 1146 1034; x_wconf 90' lang='lat' dir='ltr'>plurimum</span> <span class='ocrx_word' id='word_1_141' title='bbox 1171 1003 1249 1024; x_wconf 89' lang='lat' dir='ltr'>cum</span> <span class='ocrx_word' id='word_1_142' title='bbox 1273 992 1361 1024; x_wconf 93' lang='lat' dir='ltr'>duce</span> <span class='ocrx_word' id='word_1_143' title='bbox 1386 991 1581 1031; x_wconf 84' lang='lat' dir='ltr'>altercatus,</span> <span class='ocrx_word' id='word_1_144' title='bbox 1604 992 1690 1025; x_wconf 89' lang='lat' dir='ltr'>irato</span> <span class='ocrx_word' id='word_1_145' title='bbox 1706 992 1822 1025; x_wconf 88' lang='lat' dir='ltr'>animo</span> <span class='ocrx_word' id='word_1_146' title='bbox 1838 992 2026 1025; x_wconf 78' lang='lat' dir='ltr'>discedens</span> <span class='ocrx_word' id='word_1_147' title='bbox 2040 992 2078 1024; x_wconf 88' lang='lat' dir='ltr'>in</span> <span class='ocrx_word' id='word_1_148' title='bbox 2092 991 2190 1036; x_wconf 88' lang='lat' dir='ltr'>Apu-</span> 
     </span>
     <span class='ocr_line' id='line_1_18' title="bbox 341 1044 2191 1089; baseline 0 -11"><span class='ocrx_word' id='word_1_149' title='bbox 341 1047 431 1089; x_wconf 83' lang='lat' dir='ltr'>liam,</span> <span class='ocrx_word' id='word_1_150' title='bbox 457 1052 569 1079; x_wconf 89' lang='lat' dir='ltr'>castro</span> <span class='ocrx_word' id='word_1_151' title='bbox 592 1047 703 1079; x_wconf 88' lang='lat' dir='ltr'>sancti</span> <span class='ocrx_word' id='word_1_152' title='bbox 726 1045 881 1089; x_wconf 78' lang='lat' dir='ltr'>Agadii¹</span> <span class='ocrx_word' id='word_1_153' title='bbox 904 1045 1086 1079; x_wconf 86' lang='lat' dir='ltr'>seditiosus</span> <span class='ocrx_word' id='word_1_154' title='bbox 1108 1055 1183 1078; x_wconf 83' lang='lat' dir='ltr'>sese</span> <span class='ocrx_word' id='word_1_155' title='bbox 1208 1056 1286 1078; x_wconf 95' lang='lat' dir='ltr'>cum</span> <span class='ocrx_word' id='word_1_156' title='bbox 1319 1044 1387 1077; x_wconf 88' lang='lat' dir='ltr'>suis</span> <span class='ocrx_word' id='word_1_157' title='bbox 1417 1045 1561 1088; x_wconf 90' lang='lat' dir='ltr'>recepit.</span> <span class='ocrx_word' id='word_1_158' title='bbox 1607 1045 1687 1078; x_wconf 88' lang='lat' dir='ltr'>Dux</span> <span class='ocrx_word' id='word_1_159' title='bbox 1717 1045 1845 1088; x_wconf 89' lang='lat' dir='ltr'>itaque,</span> <span class='ocrx_word' id='word_1_160' title='bbox 1875 1045 1990 1078; x_wconf 86' lang='lat' dir='ltr'>sciens</span> <span class='ocrx_word' id='word_1_161' title='bbox 2018 1045 2115 1078; x_wconf 84' lang='lat' dir='ltr'>illum</span> <span class='ocrx_word' id='word_1_162' title='bbox 2144 1045 2191 1078; x_wconf 86' lang='lat' dir='ltr'>ad</span> 
     </span>
     <span class='ocr_line' id='line_1_19' title="bbox 340 1098 2314 1147; baseline -0.001 -15"><span class='ocrx_word' id='word_1_163' title='bbox 340 1101 408 1132; x_wconf 91' lang='lat' dir='ltr'>hoc</span> <span class='ocrx_word' id='word_1_164' title='bbox 431 1100 504 1140; x_wconf 90' lang='lat' dir='ltr'>niti,</span> <span class='ocrx_word' id='word_1_165' title='bbox 527 1105 565 1131; x_wconf 93' lang='lat' dir='ltr'>ut</span> <span class='ocrx_word' id='word_1_166' title='bbox 587 1105 693 1132; x_wconf 88' lang='lat' dir='ltr'>totam</span> <span class='ocrx_word' id='word_1_167' title='bbox 717 1098 879 1142; x_wconf 84' lang='lat' dir='ltr'>Apuliam</span> <span class='ocrx_word' id='word_1_168' title='bbox 903 1109 1023 1131; x_wconf 87' lang='lat' dir='ltr'>versus</span> <span class='ocrx_word' id='word_1_169' title='bbox 1038 1109 1074 1130; x_wconf 89' lang='lat' dir='ltr'>se</span> <span class='ocrx_word' id='word_1_170' title='bbox 1091 1109 1154 1141; x_wconf 90' lang='lat' dir='ltr'>pro</span> <span class='ocrx_word' id='word_1_171' title='bbox 1170 1108 1270 1141; x_wconf 87' lang='lat' dir='ltr'>posse</span> <span class='ocrx_word' id='word_1_172' title='bbox 1288 1104 1515 1136; x_wconf 88' lang='lat' dir='ltr'>commoveat,</span> <span class='ocrx_word' id='word_1_173' title='bbox 1532 1098 1688 1131; x_wconf 88' lang='lat' dir='ltr'>exercitu</span> <span class='ocrx_word' id='word_1_174' title='bbox 1706 1098 1867 1136; x_wconf 87' lang='lat' dir='ltr'>excitato,</span> <span class='ocrx_word' id='word_1_175' title='bbox 1881 1098 1979 1131; x_wconf 90' lang='lat' dir='ltr'>illum</span> <span class='ocrx_word' id='word_1_176' title='bbox 1993 1098 2190 1142; x_wconf 85' lang='lat' dir='ltr'>insequens,</span> <span class='ocrx_word' id='word_1_177' title='bbox 2271 1113 2274 1121; x_wconf 84' lang='lat'><strong>·</strong></span> <span class='ocrx_word' id='word_1_178' title='bbox 2312 1111 2314 1147; x_wconf 75' lang='lat' dir='ltr'>j</span> 
     </span>
     <span class='ocr_line' id='line_1_20' title="bbox 341 1149 2271 1194; baseline -0.001 -9"><span class='ocrx_word' id='word_1_179' title='bbox 341 1153 515 1185; x_wconf 82' lang='lat' dir='ltr'>obsessum</span> <span class='ocrx_word' id='word_1_180' title='bbox 539 1153 644 1185; x_wconf 90' lang='lat' dir='ltr'>vadit.</span> <span class='ocrx_word' id='word_1_181' title='bbox 690 1151 764 1185; x_wconf 86' lang='lat' dir='ltr'>Sed</span> <span class='ocrx_word' id='word_1_182' title='bbox 788 1158 901 1185; x_wconf 87' lang='lat' dir='ltr'>castro</span> <span class='ocrx_word' id='word_1_183' title='bbox 924 1158 1057 1190; x_wconf 90' lang='lat' dir='ltr'>natura,</span> <span class='ocrx_word' id='word_1_184' title='bbox 1081 1151 1280 1190; x_wconf 89' lang='lat' dir='ltr'>munitione,</span> <span class='ocrx_word' id='word_1_185' title='bbox 1305 1151 1542 1184; x_wconf 81' lang='lat' dir='ltr'>defensalibus</span> <span class='ocrx_word' id='word_1_186' title='bbox 1565 1151 1771 1191; x_wconf 86' lang='lat' dir='ltr'>firmissimo,</span> <span class='ocrx_word' id='word_1_187' title='bbox 1795 1162 1872 1184; x_wconf 92' lang='lat' dir='ltr'>cum</span> <span class='ocrx_word' id='word_1_188' title='bbox 1905 1151 2031 1185; x_wconf 83' lang='lat' dir='ltr'>diutius</span> <span class='ocrx_word' id='word_1_189' title='bbox 2060 1151 2096 1184; x_wconf 88' lang='lat' dir='ltr'>in</span> <span class='ocrx_word' id='word_1_190' title='bbox 2126 1161 2190 1194; x_wconf 86' lang='lat' dir='ltr'>op-</span> <span class='ocrx_word' id='word_1_191' title='bbox 2216 1149 2271 1184; x_wconf 67' lang='lat'>15⁶</span> 
     </span>
     <span class='ocr_line' id='line_1_21' title="bbox 339 1203 2266 1250; baseline -0.001 -12"><span class='ocrx_word' id='word_1_192' title='bbox 339 1206 526 1250; x_wconf 88' lang='lat' dir='ltr'>pugnando</span> <span class='ocrx_word' id='word_1_193' title='bbox 549 1205 757 1248; x_wconf 82' lang='lat' dir='ltr'>persisteret,</span> <span class='ocrx_word' id='word_1_194' title='bbox 780 1205 873 1247; x_wconf 80' lang='lat' dir='ltr'>ipsis,</span> <span class='ocrx_word' id='word_1_195' title='bbox 898 1206 957 1248; x_wconf 90' lang='lat' dir='ltr'>qui</span> <span class='ocrx_word' id='word_1_196' title='bbox 979 1205 1070 1237; x_wconf 88' lang='lat' dir='ltr'>intra</span> <span class='ocrx_word' id='word_1_197' title='bbox 1095 1209 1203 1242; x_wconf 88' lang='lat' dir='ltr'>erant,</span> <span class='ocrx_word' id='word_1_198' title='bbox 1228 1204 1367 1237; x_wconf 81' lang='lat' dir='ltr'>fortiter</span> <span class='ocrx_word' id='word_1_199' title='bbox 1391 1215 1411 1236; x_wconf 92' lang='lat' dir='ltr'>a</span> <span class='ocrx_word' id='word_1_200' title='bbox 1434 1205 1604 1248; x_wconf 87' lang='lat' dir='ltr'>gentibus,</span> <span class='ocrx_word' id='word_1_201' title='bbox 1620 1204 1699 1247; x_wconf 89' lang='lat' dir='ltr'>plus</span> <span class='ocrx_word' id='word_1_202' title='bbox 1715 1205 1841 1238; x_wconf 88' lang='lat' dir='ltr'>damno</span> <span class='ocrx_word' id='word_1_203' title='bbox 1856 1215 1995 1237; x_wconf 85' lang='lat' dir='ltr'>suorum</span> <span class='ocrx_word' id='word_1_204' title='bbox 2011 1203 2191 1248; x_wconf 82' lang='lat' dir='ltr'>perturba-</span> <span class='ocrx_word' id='word_1_205' title='bbox 2223 1242 2226 1243; x_wconf 19' lang='lat'><em>⁷</em></span> <span class='ocrx_word' id='word_1_206' title='bbox 2264 1240 2266 1242; x_wconf 57' lang='grc'><strong>,</strong></span> 
     </span>
     <span class='ocr_line' id='line_1_22' title="bbox 340 1259 1109 1303; baseline -0.001 -11"><span class='ocrx_word' id='word_1_207' title='bbox 340 1260 449 1299; x_wconf 88' lang='lat' dir='ltr'>batur,</span> <span class='ocrx_word' id='word_1_208' title='bbox 473 1270 574 1303; x_wconf 90' lang='lat' dir='ltr'>quam</span> <span class='ocrx_word' id='word_1_209' title='bbox 597 1270 716 1292; x_wconf 87' lang='lat' dir='ltr'>versus</span> <span class='ocrx_word' id='word_1_210' title='bbox 740 1265 890 1292; x_wconf 88' lang='lat' dir='ltr'>castrum</span> <span class='ocrx_word' id='word_1_211' title='bbox 912 1259 1109 1301; x_wconf 89' lang='lat' dir='ltr'>proficeret.</span> 
     </span>
    </p>

    <p class='ocr_par' dir='ltr' id='par_1_9' title="bbox 337 1311 2308 1515">
     <span class='ocr_line' id='line_1_23' title="bbox 425 1311 2190 1356; baseline -0.002 -10"><span class='ocrx_word' id='word_1_212' title='bbox 425 1313 638 1356; x_wconf 87' lang='lat' dir='ltr'>Abagelardi</span> <span class='ocrx_word' id='word_1_213' title='bbox 662 1319 777 1346; x_wconf 89' lang='lat' dir='ltr'>autem</span> <span class='ocrx_word' id='word_1_214' title='bbox 803 1313 847 1345; x_wconf 93' lang='lat' dir='ltr'>de</span> <span class='ocrx_word' id='word_1_215' title='bbox 870 1312 1053 1345; x_wconf 89' lang='lat' dir='ltr'>amissione</span> <span class='ocrx_word' id='word_1_216' title='bbox 1076 1313 1195 1344; x_wconf 77' lang='lat' dir='ltr'>fratris</span> <span class='ocrx_word' id='word_1_217' title='bbox 1219 1312 1318 1345; x_wconf 94' lang='lat' dir='ltr'>dolor</span> <span class='ocrx_word' id='word_1_218' title='bbox 1341 1312 1378 1344; x_wconf 89' lang='lat' dir='ltr'>in</span> <span class='ocrx_word' id='word_1_219' title='bbox 1402 1312 1476 1344; x_wconf 86' lang='lat' dir='ltr'>dies</span> <span class='ocrx_word' id='word_1_220' title='bbox 1499 1312 1743 1350; x_wconf 85' lang='lat' dir='ltr'>excrescebat;</span> <span class='ocrx_word' id='word_1_221' title='bbox 1774 1322 1887 1356; x_wconf 88' lang='lat' dir='ltr'>neque</span> <span class='ocrx_word' id='word_1_222' title='bbox 1918 1312 2010 1345; x_wconf 88' lang='lat' dir='ltr'>enim</span> <span class='ocrx_word' id='word_1_223' title='bbox 2041 1311 2190 1351; x_wconf 79' lang='lat' dir='ltr'>vincula,</span> 
     </span>
     <span class='ocr_line' id='line_1_24' title="bbox 338 1364 2268 1410; baseline -0.001 -11"><span class='ocrx_word' id='word_1_224' title='bbox 338 1366 459 1410; x_wconf 91' lang='lat' dir='ltr'>quibus</span> <span class='ocrx_word' id='word_1_225' title='bbox 483 1366 592 1399; x_wconf 79' lang='lat' dir='ltr'>frater</span> <span class='ocrx_word' id='word_1_226' title='bbox 615 1366 801 1404; x_wconf 85' lang='lat' dir='ltr'>artabatur,</span> <span class='ocrx_word' id='word_1_227' title='bbox 824 1366 935 1409; x_wconf 87' lang='lat' dir='ltr'>ipsum</span> <span class='ocrx_word' id='word_1_228' title='bbox 958 1366 1052 1398; x_wconf 86' lang='lat' dir='ltr'>haud</span> <span class='ocrx_word' id='word_1_229' title='bbox 1075 1376 1176 1398; x_wconf 88' lang='lat' dir='ltr'>secus</span> <span class='ocrx_word' id='word_1_230' title='bbox 1199 1376 1240 1398; x_wconf 88' lang='lat' dir='ltr'>ac</span> <span class='ocrx_word' id='word_1_231' title='bbox 1263 1365 1358 1398; x_wconf 89' lang='lat' dir='ltr'>illum</span> <span class='ocrx_word' id='word_1_232' title='bbox 1382 1377 1425 1398; x_wconf 84' lang='lat' dir='ltr'>ex</span> <span class='ocrx_word' id='word_1_233' title='bbox 1448 1366 1691 1399; x_wconf 84' lang='lat' dir='ltr'>recordatione</span> <span class='ocrx_word' id='word_1_234' title='bbox 1714 1366 1897 1410; x_wconf 87' lang='lat' dir='ltr'>angebant.</span> <span class='ocrx_word' id='word_1_235' title='bbox 1942 1364 2047 1398; x_wconf 87' lang='lat' dir='ltr'>Unde</span> <span class='ocrx_word' id='word_1_236' title='bbox 2069 1370 2105 1398; x_wconf 90' lang='lat' dir='ltr'>et</span> <span class='ocrx_word' id='word_1_237' title='bbox 2118 1365 2190 1398; x_wconf 74' lang='lat' dir='ltr'>rre-</span> <span class='ocrx_word' id='word_1_238' title='bbox 2266 1407 2268 1410; x_wconf 15' lang='lat' dir='ltr'>y</span> 
     </span>
     <span class='ocr_line' id='line_1_25' title="bbox 337 1415 2308 1465; baseline -0.001 -13"><span class='ocrx_word' id='word_1_239' title='bbox 337 1421 497 1465; x_wconf 91' lang='lat' dir='ltr'>quentius</span> <span class='ocrx_word' id='word_1_240' title='bbox 520 1430 619 1453; x_wconf 88' lang='lat' dir='ltr'>casus</span> <span class='ocrx_word' id='word_1_241' title='bbox 642 1418 759 1452; x_wconf 79' lang='lat' dir='ltr'>fratris</span> <span class='ocrx_word' id='word_1_242' title='bbox 790 1419 995 1463; x_wconf 88' lang='lat' dir='ltr'>quibusdam</span> <span class='ocrx_word' id='word_1_243' title='bbox 1026 1418 1246 1462; x_wconf 87' lang='lat' dir='ltr'>pactionibus</span> <span class='ocrx_word' id='word_1_244' title='bbox 1276 1419 1459 1452; x_wconf 86' lang='lat' dir='ltr'>meliorare</span> <span class='ocrx_word' id='word_1_245' title='bbox 1492 1425 1674 1458; x_wconf 84' lang='lat' dir='ltr'>attentans,</span> <span class='ocrx_word' id='word_1_246' title='bbox 1704 1419 1762 1452; x_wconf 83' lang='lat' dir='ltr'>vix</span> <span class='ocrx_word' id='word_1_247' title='bbox 1791 1419 1930 1452; x_wconf 89' lang='lat' dir='ltr'>tandem</span> <span class='ocrx_word' id='word_1_248' title='bbox 1963 1418 2112 1452; x_wconf 88' lang='lat' dir='ltr'>obtinuit</span> <span class='ocrx_word' id='word_1_249' title='bbox 2138 1424 2188 1458; x_wconf 86' lang='lat' dir='ltr'>ut,</span> <span class='ocrx_word' id='word_1_250' title='bbox 2211 1419 2255 1452; x_wconf 86' lang='grc'>20</span> <span class='ocrx_word' id='word_1_251' title='bbox 2305 1415 2308 1423; x_wconf 61' lang='grc'>”</span> 
     </span>
     <span class='ocr_line' id='line_1_26' title="bbox 338 1471 1726 1515; baseline -0.001 -9"><span class='ocrx_word' id='word_1_252' title='bbox 338 1480 451 1507; x_wconf 88' lang='lat' dir='ltr'>castro</span> <span class='ocrx_word' id='word_1_253' title='bbox 474 1473 627 1513; x_wconf 91' lang='lat' dir='ltr'>reddito,</span> <span class='ocrx_word' id='word_1_254' title='bbox 651 1474 793 1506; x_wconf 79' lang='lat' dir='ltr'>fratrem</span> <span class='ocrx_word' id='word_1_255' title='bbox 816 1473 1005 1515; x_wconf 85' lang='lat' dir='ltr'>recipiens,</span> <span class='ocrx_word' id='word_1_256' title='bbox 1028 1483 1193 1515; x_wconf 89' lang='lat' dir='ltr'>quorsum</span> <span class='ocrx_word' id='word_1_257' title='bbox 1216 1471 1352 1510; x_wconf 87' lang='lat' dir='ltr'>liberet,</span> <span class='ocrx_word' id='word_1_258' title='bbox 1377 1472 1568 1505; x_wconf 88' lang='lat' dir='ltr'>abscedere</span> <span class='ocrx_word' id='word_1_259' title='bbox 1592 1472 1726 1506; x_wconf 90' lang='lat' dir='ltr'>liceret.</span> 
     </span>
    </p>

    <p class='ocr_par' dir='ltr' id='par_1_10' title="bbox 338 1525 2188 1624">
     <span class='ocr_line' id='line_1_27' title="bbox 423 1525 2188 1570; baseline -0.001 -10"><span class='ocrx_word' id='word_1_260' title='bbox 423 1527 562 1570; x_wconf 93' lang='lat' dir='ltr'>Sicque,</span> <span class='ocrx_word' id='word_1_261' title='bbox 586 1527 696 1559; x_wconf 76' lang='lat' dir='ltr'>fratre</span> <span class='ocrx_word' id='word_1_262' title='bbox 719 1532 873 1569; x_wconf 86' lang='lat' dir='ltr'>recepto,</span> <span class='ocrx_word' id='word_1_263' title='bbox 895 1526 1024 1569; x_wconf 88' lang='lat' dir='ltr'>pariter</span> <span class='ocrx_word' id='word_1_264' title='bbox 1048 1526 1280 1566; x_wconf 87' lang='lat' dir='ltr'>discedentes,</span> <span class='ocrx_word' id='word_1_265' title='bbox 1304 1527 1390 1558; x_wconf 89' lang='lat' dir='ltr'>mari</span> <span class='ocrx_word' id='word_1_266' title='bbox 1413 1532 1632 1565; x_wconf 87' lang='lat' dir='ltr'>transmeato,</span> <span class='ocrx_word' id='word_1_267' title='bbox 1655 1527 1702 1559; x_wconf 89' lang='lat' dir='ltr'>ad</span> <span class='ocrx_word' id='word_1_268' title='bbox 1725 1525 1969 1569; x_wconf 84' lang='lat' dir='ltr'>imperatorem</span> <span class='ocrx_word' id='word_1_269' title='bbox 1991 1525 2188 1560; x_wconf 72' lang='lat' dir='ltr'>Constanti-</span> 
     </span>
     <span class='ocr_line' id='line_1_28' title="bbox 338 1579 1445 1624; baseline -0.002 -11"><span class='ocrx_word' id='word_1_270' title='bbox 338 1580 573 1624; x_wconf 85' lang='lat' dir='ltr'>nopolitanum</span> <span class='ocrx_word' id='word_1_271' title='bbox 595 1586 782 1613; x_wconf 87' lang='lat' dir='ltr'>transeunt.</span> <span class='ocrx_word' id='word_1_272' title='bbox 828 1579 898 1613; x_wconf 92' lang='lat' dir='ltr'>Ubi</span> <span class='ocrx_word' id='word_1_273' title='bbox 922 1586 957 1612; x_wconf 93' lang='lat' dir='ltr'>et</span> <span class='ocrx_word' id='word_1_274' title='bbox 978 1580 1117 1612; x_wconf 91' lang='lat' dir='ltr'>ultimos</span> <span class='ocrx_word' id='word_1_275' title='bbox 1140 1579 1215 1612; x_wconf 84' lang='lat' dir='ltr'>dies</span> <span class='ocrx_word' id='word_1_276' title='bbox 1238 1579 1445 1612; x_wconf 89' lang='lat' dir='ltr'>clauserunt.</span> 
     </span>
    </p>
   </div>
   <div class='ocr_carea' id='block_1_8' title="bbox 2217 887 2257 920">
    <p class='ocr_par' dir='ltr' id='par_1_11' title="bbox 2217 887 2279 926">
     <span class='ocr_line' id='line_1_29' title="bbox 2217 887 2257 920; baseline 0.016 -1"><span class='ocrx_word' id='word_1_277' title='bbox 2217 887 2257 920; x_wconf 87' lang='grc'>10</span> 
     </span>
    </p>
   </div>
   <div class='ocr_carea' id='block_1_9' title="bbox 2254 0 2314 1804">
    <p class='ocr_par' dir='ltr' id='par_1_12' title="bbox 2254 0 2314 1804">
     <span class='ocr_line' id='line_1_30' title="bbox 2255 0 2314 1488; baseline 0 0"><span class='ocrx_word' id='word_1_278' title='bbox 2255 0 2314 1488; x_wconf 95' lang='lat' dir='ltr'>    </span> 
     </span>
     <span class='ocr_line' id='line_1_31' title="bbox 2254 1488 2314 1804; baseline 0 0"><span class='ocrx_word' id='word_1_279' title='bbox 2254 1488 2314 1804; x_wconf 95' lang='lat' dir='ltr'>  </span> 
     </span>
    </p>
   </div>
   <div class='ocr_carea' id='block_1_10' title="bbox 335 1685 2290 2050">
    <p class='ocr_par' dir='ltr' id='par_1_13' title="bbox 335 1685 2290 2050">
     <span class='ocr_line' id='line_1_32' title="bbox 425 1685 2268 1731; baseline 0.001 -12"><span class='ocrx_word' id='word_1_280' title='bbox 425 1686 503 1719; x_wconf 91' lang='lat' dir='ltr'>V11.</span> <span class='ocrx_word' id='word_1_281' title='bbox 527 1704 569 1710; x_wconf 93' lang='lat'>——-</span> <span class='ocrx_word' id='word_1_282' title='bbox 585 1686 846 1719; x_wconf 87' lang='lat' dir='ltr'>Famosissimus</span> <span class='ocrx_word' id='word_1_283' title='bbox 863 1696 947 1730; x_wconf 87' lang='lat' dir='ltr'>ergo</span> <span class='ocrx_word' id='word_1_284' title='bbox 965 1685 1107 1718; x_wconf 84' lang='lat' dir='ltr'>Siciliae</span> <span class='ocrx_word' id='word_1_285' title='bbox 1123 1685 1288 1729; x_wconf 86' lang='lat' dir='ltr'>princeps</span> <span class='ocrx_word' id='word_1_286' title='bbox 1303 1692 1338 1718; x_wconf 90' lang='lat' dir='ltr'>et</span> <span class='ocrx_word' id='word_1_287' title='bbox 1355 1686 1560 1726; x_wconf 83' lang='lat' dir='ltr'>debellator,</span> <span class='ocrx_word' id='word_1_288' title='bbox 1577 1686 1764 1730; x_wconf 87' lang='lat' dir='ltr'>Rogerius,</span> <span class='ocrx_word' id='word_1_289' title='bbox 1780 1687 1816 1719; x_wconf 90' lang='lat' dir='ltr'>in</span> <span class='ocrx_word' id='word_1_290' title='bbox 1832 1686 1963 1726; x_wconf 86' lang='lat' dir='ltr'>Sicilia,</span> <span class='ocrx_word' id='word_1_291' title='bbox 1978 1686 2015 1719; x_wconf 87' lang='lat' dir='ltr'>in</span> <span class='ocrx_word' id='word_1_292' title='bbox 2031 1686 2188 1720; x_wconf 85' lang='lat' dir='ltr'>omnibus</span> <span class='ocrx_word' id='word_1_293' title='bbox 2265 1727 2268 1731; x_wconf 18' lang='grc' dir='ltr'><strong>Δ</strong></span> 
     </span>
     <span class='ocr_line' id='line_1_33' title="bbox 336 1738 2290 1783; baseline 0.001 -11"><span class='ocrx_word' id='word_1_294' title='bbox 336 1746 474 1772; x_wconf 89' lang='lat' dir='ltr'>strenue</span> <span class='ocrx_word' id='word_1_295' title='bbox 498 1749 615 1783; x_wconf 87' lang='lat' dir='ltr'>agens,</span> <span class='ocrx_word' id='word_1_296' title='bbox 638 1738 846 1772; x_wconf 88' lang='lat' dir='ltr'>morabatur.</span> <span class='ocrx_word' id='word_1_297' title='bbox 892 1739 1015 1782; x_wconf 91' lang='lat' dir='ltr'>Neque</span> <span class='ocrx_word' id='word_1_298' title='bbox 1040 1739 1144 1777; x_wconf 88' lang='lat' dir='ltr'>enim,</span> <span class='ocrx_word' id='word_1_299' title='bbox 1169 1738 1285 1782; x_wconf 87' lang='lat' dir='ltr'>aliqua</span> <span class='ocrx_word' id='word_1_300' title='bbox 1307 1739 1542 1772; x_wconf 87' lang='lat' dir='ltr'>delectatione</span> <span class='ocrx_word' id='word_1_301' title='bbox 1571 1749 1608 1772; x_wconf 90' lang='lat' dir='ltr'>se</span> <span class='ocrx_word' id='word_1_302' title='bbox 1639 1740 1849 1778; x_wconf 82' lang='lat' dir='ltr'>retrahente,</span> <span class='ocrx_word' id='word_1_303' title='bbox 1879 1738 2033 1772; x_wconf 82' lang='lat' dir='ltr'>hostibus</span> <span class='ocrx_word' id='word_1_304' title='bbox 2063 1739 2188 1774; x_wconf 77' lang='lat' dir='ltr'>absens</span> <span class='ocrx_word' id='word_1_305' title='bbox 2209 1740 2258 1774; x_wconf 70' lang='lat'>252</span> <span class='ocrx_word' id='word_1_306' title='bbox 2287 1754 2290 1773; x_wconf 80' lang='grc' dir='ltr'><strong>τ</strong></span> 
     </span>
     <span class='ocr_line' id='line_1_34' title="bbox 338 1786 2289 1837; baseline 0 -11"><span class='ocrx_word' id='word_1_307' title='bbox 338 1794 411 1826; x_wconf 84' lang='lat' dir='ltr'>fieri</span> <span class='ocrx_word' id='word_1_308' title='bbox 434 1793 648 1835; x_wconf 88' lang='lat' dir='ltr'>patiebatur:</span> <span class='ocrx_word' id='word_1_309' title='bbox 672 1794 802 1836; x_wconf 91' lang='lat' dir='ltr'>quippe</span> <span class='ocrx_word' id='word_1_310' title='bbox 825 1802 925 1835; x_wconf 88' lang='lat' dir='ltr'>quem</span> <span class='ocrx_word' id='word_1_311' title='bbox 950 1798 1095 1836; x_wconf 85' lang='lat' dir='ltr'>egestas,</span> <span class='ocrx_word' id='word_1_312' title='bbox 1119 1791 1229 1831; x_wconf 87' lang='lat' dir='ltr'>labor,</span> <span class='ocrx_word' id='word_1_313' title='bbox 1253 1792 1366 1825; x_wconf 90' lang='lat' dir='ltr'>minae</span> <span class='ocrx_word' id='word_1_314' title='bbox 1381 1793 1500 1831; x_wconf 85' lang='lat' dir='ltr'>hostis,</span> <span class='ocrx_word' id='word_1_315' title='bbox 1516 1793 1697 1826; x_wconf 88' lang='lat' dir='ltr'>imminens</span> <span class='ocrx_word' id='word_1_316' title='bbox 1711 1793 1802 1837; x_wconf 85' lang='lat' dir='ltr'>jugis</span> <span class='ocrx_word' id='word_1_317' title='bbox 1818 1793 2019 1832; x_wconf 84' lang='lat' dir='ltr'>decertatio,</span> <span class='ocrx_word' id='word_1_318' title='bbox 2034 1792 2184 1837; x_wconf 78' lang='lat' dir='ltr'>vigiliae,</span> <span class='ocrx_word' id='word_1_319' title='bbox 2255 1786 2258 1793; x_wconf 82' lang='grc'><strong>’</strong></span> <span class='ocrx_word' id='word_1_320' title='bbox 2286 1791 2289 1793; x_wconf 60' lang='grc'><strong><em>’</em></strong></span> 
     </span>
     <span class='ocr_line' id='line_1_35' title="bbox 335 1845 2186 1889; baseline -0.001 -9"><span class='ocrx_word' id='word_1_321' title='bbox 335 1847 393 1880; x_wconf 92' lang='lat' dir='ltr'>vel</span> <span class='ocrx_word' id='word_1_322' title='bbox 415 1857 497 1879; x_wconf 90' lang='lat' dir='ltr'>aura</span> <span class='ocrx_word' id='word_1_323' title='bbox 520 1846 674 1888; x_wconf 85' lang='lat' dir='ltr'>asperior</span> <span class='ocrx_word' id='word_1_324' title='bbox 696 1845 740 1878; x_wconf 87' lang='lat' dir='ltr'>ab</span> <span class='ocrx_word' id='word_1_325' title='bbox 763 1846 927 1888; x_wconf 91' lang='lat' dir='ltr'>incoepto</span> <span class='ocrx_word' id='word_1_326' title='bbox 949 1856 1020 1878; x_wconf 91' lang='lat' dir='ltr'>non</span> <span class='ocrx_word' id='word_1_327' title='bbox 1044 1845 1276 1878; x_wconf 83' lang='lat' dir='ltr'>deterrebant.</span> <span class='ocrx_word' id='word_1_328' title='bbox 1322 1845 1395 1879; x_wconf 90' lang='lat' dir='ltr'>Sed</span> <span class='ocrx_word' id='word_1_329' title='bbox 1416 1846 1543 1887; x_wconf 86' lang='lat' dir='ltr'>potius,</span> <span class='ocrx_word' id='word_1_330' title='bbox 1559 1852 1687 1889; x_wconf 89' lang='lat' dir='ltr'>quanto</span> <span class='ocrx_word' id='word_1_331' title='bbox 1702 1845 1944 1889; x_wconf 83' lang='lat' dir='ltr'>asperitatibus</span> <span class='ocrx_word' id='word_1_332' title='bbox 1958 1845 2186 1889; x_wconf 81' lang='lat' dir='ltr'>quatiebatur,</span> 
     </span>
     <span class='ocr_line' id='line_1_36' title="bbox 335 1898 2185 1942; baseline -0.001 -9"><span class='ocrx_word' id='word_1_333' title='bbox 335 1911 378 1933; x_wconf 93' lang='lat' dir='ltr'>eo</span> <span class='ocrx_word' id='word_1_334' title='bbox 402 1900 592 1933; x_wconf 88' lang='lat' dir='ltr'>ardentiori</span> <span class='ocrx_word' id='word_1_335' title='bbox 614 1899 819 1938; x_wconf 88' lang='lat' dir='ltr'>constantia,</span> <span class='ocrx_word' id='word_1_336' title='bbox 841 1899 917 1942; x_wconf 89' lang='lat' dir='ltr'>ipsa</span> <span class='ocrx_word' id='word_1_337' title='bbox 940 1899 1090 1932; x_wconf 88' lang='lat' dir='ltr'>humano</span> <span class='ocrx_word' id='word_1_338' title='bbox 1113 1910 1210 1932; x_wconf 90' lang='lat' dir='ltr'>more</span> <span class='ocrx_word' id='word_1_339' title='bbox 1233 1899 1348 1932; x_wconf 90' lang='lat' dir='ltr'>animo</span> <span class='ocrx_word' id='word_1_340' title='bbox 1371 1909 1433 1932; x_wconf 90' lang='lat' dir='ltr'>suo</span> <span class='ocrx_word' id='word_1_341' title='bbox 1450 1900 1569 1932; x_wconf 89' lang='lat' dir='ltr'>innata</span> <span class='ocrx_word' id='word_1_342' title='bbox 1583 1898 1826 1932; x_wconf 84' lang='lat' dir='ltr'>dominationis</span> <span class='ocrx_word' id='word_1_343' title='bbox 1842 1899 2018 1942; x_wconf 87' lang='lat' dir='ltr'>cupidine,</span> <span class='ocrx_word' id='word_1_344' title='bbox 2033 1899 2185 1938; x_wconf 83' lang='lat' dir='ltr'>vincere,</span> 
     </span>
     <span class='ocr_line' id='line_1_37' title="bbox 336 1952 2185 1997; baseline 0 -11"><span class='ocrx_word' id='word_1_345' title='bbox 336 1964 438 1997; x_wconf 89' lang='lat' dir='ltr'>quam</span> <span class='ocrx_word' id='word_1_346' title='bbox 467 1953 563 1986; x_wconf 89' lang='lat' dir='ltr'>vinci</span> <span class='ocrx_word' id='word_1_347' title='bbox 594 1952 777 1987; x_wconf 85' lang='lat' dir='ltr'>nitebatur.</span> <span class='ocrx_word' id='word_1_348' title='bbox 830 1952 886 1991; x_wconf 81' lang='lat' dir='ltr'>Et,</span> <span class='ocrx_word' id='word_1_349' title='bbox 918 1952 1076 1995; x_wconf 86' lang='lat' dir='ltr'>quamvis</span> <span class='ocrx_word' id='word_1_350' title='bbox 1106 1953 1220 1985; x_wconf 90' lang='lat' dir='ltr'>omnia</span> <span class='ocrx_word' id='word_1_351' title='bbox 1251 1953 1395 1995; x_wconf 88' lang='lat' dir='ltr'>cupiens</span> <span class='ocrx_word' id='word_1_352' title='bbox 1427 1958 1527 1991; x_wconf 88' lang='lat' dir='ltr'>esset,</span> <span class='ocrx_word' id='word_1_353' title='bbox 1557 1953 1746 1995; x_wconf 88' lang='lat' dir='ltr'>impensius</span> <span class='ocrx_word' id='word_1_354' title='bbox 1777 1958 1892 1985; x_wconf 87' lang='lat' dir='ltr'>tamen</span> <span class='ocrx_word' id='word_1_355' title='bbox 1922 1952 1999 1985; x_wconf 89' lang='lat' dir='ltr'>zelo</span> <span class='ocrx_word' id='word_1_356' title='bbox 2028 1952 2185 1996; x_wconf 83' lang='lat' dir='ltr'>potiendi</span> 
     </span>
     <span class='ocr_line' id='line_1_38' title="bbox 336 2005 2184 2050; baseline 0 -10"><span class='ocrx_word' id='word_1_357' title='bbox 336 2006 679 2050; x_wconf 79' lang='lat' dir='ltr'>Castrum-johannis</span> <span class='ocrx_word' id='word_1_358' title='bbox 701 2006 912 2050; x_wconf 87' lang='lat' dir='ltr'>angebatur;</span> <span class='ocrx_word' id='word_1_359' title='bbox 937 2007 1041 2049; x_wconf 87' lang='lat' dir='ltr'>quod,</span> <span class='ocrx_word' id='word_1_360' title='bbox 1065 2006 1095 2038; x_wconf 86' lang='lat' dir='ltr'>si</span> <span class='ocrx_word' id='word_1_361' title='bbox 1117 2007 1265 2049; x_wconf 88' lang='lat' dir='ltr'>adeptus</span> <span class='ocrx_word' id='word_1_362' title='bbox 1287 2007 1392 2044; x_wconf 78' lang='lat' dir='ltr'>soret,</span> <span class='ocrx_word' id='word_1_363' title='bbox 1416 2005 1549 2039; x_wconf 87' lang='lat' dir='ltr'>sciebat</span> <span class='ocrx_word' id='word_1_364' title='bbox 1579 2016 1627 2046; x_wconf 89' lang='lat' dir='ltr'>se,</span> <span class='ocrx_word' id='word_1_365' title='bbox 1658 2006 1754 2049; x_wconf 87' lang='lat' dir='ltr'>quasi</span> <span class='ocrx_word' id='word_1_366' title='bbox 1784 2015 1848 2048; x_wconf 90' lang='lat' dir='ltr'>pro</span> <span class='ocrx_word' id='word_1_367' title='bbox 1879 2005 2028 2050; x_wconf 87' lang='lat' dir='ltr'>flagello,</span> <span class='ocrx_word' id='word_1_368' title='bbox 2058 2006 2109 2040; x_wconf 83' lang='lat' dir='ltr'>uti</span> <span class='ocrx_word' id='word_1_369' title='bbox 2138 2005 2184 2040; x_wconf 85' lang='lat' dir='ltr'>ad</span> 
     </span>
    </p>
   </div>
   <div class='ocr_carea' id='block_1_11' title="bbox 335 2119 2185 2363">
    <p class='ocr_par' dir='ltr' id='par_1_14' title="bbox 335 2119 2185 2363">
     <span class='ocr_line' id='line_1_39' title="bbox 427 2119 2184 2153; baseline 0.001 -9"><span class='ocrx_word' id='word_1_370' title='bbox 427 2127 449 2145; x_wconf 86' lang='lat'>1.</span> <span class='ocrx_word' id='word_1_371' title='bbox 469 2120 677 2145; x_wconf 87' lang='lat' dir='ltr'>Heremannum</span> <span class='ocrx_word' id='word_1_372' title='bbox 695 2119 757 2145; x_wconf 85' lang='lat' dir='ltr'>PC</span> <span class='ocrx_word' id='word_1_373' title='bbox 772 2133 805 2137; x_wconf 89' lang='lat'>—</span> <span class='ocrx_word' id='word_1_374' title='bbox 825 2126 850 2144; x_wconf 91' lang='lat'>2.</span> <span class='ocrx_word' id='word_1_375' title='bbox 869 2119 1051 2145; x_wconf 86' lang='lat' dir='ltr'>retruendum</span> <span class='ocrx_word' id='word_1_376' title='bbox 1071 2121 1098 2145; x_wconf 88' lang='lat' dir='ltr'><em>P</em></span> <span class='ocrx_word' id='word_1_377' title='bbox 1117 2133 1149 2137; x_wconf 92' lang='lat'>-—</span> <span class='ocrx_word' id='word_1_378' title='bbox 1172 2125 1195 2151; x_wconf 87' lang='lat'>5.</span> <span class='ocrx_word' id='word_1_379' title='bbox 1215 2119 1391 2152; x_wconf 82' lang='lat' dir='ltr'>Gargantum</span> <span class='ocrx_word' id='word_1_380' title='bbox 1411 2121 1441 2145; x_wconf 89' lang='lat' dir='ltr'><em>D</em></span> <span class='ocrx_word' id='word_1_381' title='bbox 1460 2132 1492 2137; x_wconf 93' lang='lat'>—</span> <span class='ocrx_word' id='word_1_382' title='bbox 1511 2119 1535 2144; x_wconf 91' lang='lat'>6.</span> <span class='ocrx_word' id='word_1_383' title='bbox 1555 2119 1710 2144; x_wconf 82' lang='lat' dir='ltr'>vocabatur</span> <span class='ocrx_word' id='word_1_384' title='bbox 1728 2120 1759 2144; x_wconf 91' lang='lat' dir='ltr'><em>D</em></span> <span class='ocrx_word' id='word_1_385' title='bbox 1777 2132 1786 2138; x_wconf 82' lang='lat'><em>-</em></span> <span class='ocrx_word' id='word_1_386' title='bbox 1805 2126 1822 2144; x_wconf 84' lang='lat' dir='ltr'>a</span> <span class='ocrx_word' id='word_1_387' title='bbox 1840 2127 1889 2144; x_wconf 74' lang='lat' dir='ltr'>om,</span> <span class='ocrx_word' id='word_1_388' title='bbox 1902 2119 2006 2144; x_wconf 81' lang='lat' dir='ltr'>Pc—</span> <span class='ocrx_word' id='word_1_389' title='bbox 2020 2125 2045 2153; x_wconf 80' lang='lat'>7.</span> <span class='ocrx_word' id='word_1_390' title='bbox 2057 2119 2184 2146; x_wconf 76' lang='lat' dir='ltr'>reddidit</span> 
     </span>
     <span class='ocr_line' id='line_1_40' title="bbox 335 2159 2183 2196; baseline 0 -9"><span class='ocrx_word' id='word_1_391' title='bbox 335 2163 364 2187; x_wconf 85' lang='lat' dir='ltr'><em>P</em></span> <span class='ocrx_word' id='word_1_392' title='bbox 380 2176 413 2181; x_wconf 97' lang='lat'><strong>—</strong></span> <span class='ocrx_word' id='word_1_393' title='bbox 431 2170 458 2196; x_wconf 89' lang='lat'>9.</span> <span class='ocrx_word' id='word_1_394' title='bbox 476 2162 622 2187; x_wconf 81' lang='lat' dir='ltr'>Rosanum</span> <span class='ocrx_word' id='word_1_395' title='bbox 641 2163 671 2186; x_wconf 88' lang='lat' dir='ltr'><em>D</em></span> <span class='ocrx_word' id='word_1_396' title='bbox 690 2175 722 2180; x_wconf 91' lang='lat'>—</span> <span class='ocrx_word' id='word_1_397' title='bbox 739 2169 780 2187; x_wconf 90' lang='lat'>10.</span> <span class='ocrx_word' id='word_1_398' title='bbox 800 2162 873 2187; x_wconf 90' lang='lat' dir='ltr'>Cum</span> <span class='ocrx_word' id='word_1_399' title='bbox 891 2160 966 2196; x_wconf 89' lang='lat' dir='ltr'>ecce]</span> <span class='ocrx_word' id='word_1_400' title='bbox 985 2162 1058 2186; x_wconf 88' lang='lat' dir='ltr'>Tum</span> <span class='ocrx_word' id='word_1_401' title='bbox 1073 2169 1140 2186; x_wconf 86' lang='lat' dir='ltr'>vero</span> <span class='ocrx_word' id='word_1_402' title='bbox 1159 2163 1187 2187; x_wconf 93' lang='grc' dir='ltr'><em>Ρ</em></span> <span class='ocrx_word' id='word_1_403' title='bbox 1203 2175 1214 2180; x_wconf 99' lang='grc'>-</span> <span class='ocrx_word' id='word_1_404' title='bbox 1232 2163 1325 2194; x_wconf 82' lang='lat' dir='ltr'>aperit</span> <span class='ocrx_word' id='word_1_405' title='bbox 1343 2170 1393 2187; x_wconf 86' lang='lat' dir='ltr'>om.</span> <span class='ocrx_word' id='word_1_406' title='bbox 1411 2163 1442 2187; x_wconf 93' lang='lat' dir='ltr'><em>D</em></span> <span class='ocrx_word' id='word_1_407' title='bbox 1461 2176 1492 2180; x_wconf 89' lang='lat'><strong>—</strong></span> <span class='ocrx_word' id='word_1_408' title='bbox 1515 2169 1555 2186; x_wconf 83' lang='lat' dir='ltr'>u.</span> <span class='ocrx_word' id='word_1_409' title='bbox 1574 2163 1695 2186; x_wconf 84' lang='lat' dir='ltr'>asseruit</span> <span class='ocrx_word' id='word_1_410' title='bbox 1713 2162 1741 2187; x_wconf 88' lang='lat' dir='ltr'><strong><em>P</em></strong></span> <span class='ocrx_word' id='word_1_411' title='bbox 1758 2175 1790 2180; x_wconf 83' lang='lat'><em>—</em></span> <span class='ocrx_word' id='word_1_412' title='bbox 1812 2168 1852 2193; x_wconf 87' lang='lat'>13.</span> <span class='ocrx_word' id='word_1_413' title='bbox 1871 2159 1990 2195; x_wconf 82' lang='lat' dir='ltr'>Agadii]</span> <span class='ocrx_word' id='word_1_414' title='bbox 2002 2161 2123 2195; x_wconf 71' lang='lat' dir='ltr'>Agr-du</span> <span class='ocrx_word' id='word_1_415' title='bbox 2143 2163 2183 2192; x_wconf 69' lang='lat' dir='ltr'>Cz</span> 
     </span>
     <span class='ocr_line' id='line_1_41' title="bbox 336 2202 2185 2237; baseline 0.001 -8"><span class='ocrx_word' id='word_1_416' title='bbox 336 2205 451 2237; x_wconf 79' lang='lat' dir='ltr'>Agridii</span> <span class='ocrx_word' id='word_1_417' title='bbox 472 2206 501 2230; x_wconf 93' lang='lat' dir='ltr'><em>D</em></span> <span class='ocrx_word' id='word_1_418' title='bbox 520 2218 554 2223; x_wconf 93' lang='lat'>—-</span> <span class='ocrx_word' id='word_1_419' title='bbox 575 2203 664 2237; x_wconf 81' lang='lat'>16-17.</span> <span class='ocrx_word' id='word_1_420' title='bbox 683 2202 912 2237; x_wconf 82' lang='lat' dir='ltr'>perturbabatur]</span> <span class='ocrx_word' id='word_1_421' title='bbox 933 2204 1138 2237; x_wconf 82' lang='lat' dir='ltr'>deperdebat-ur</span> <span class='ocrx_word' id='word_1_422' title='bbox 1150 2205 1180 2228; x_wconf 90' lang='lat' dir='ltr'><em>D</em></span> <span class='ocrx_word' id='word_1_423' title='bbox 1199 2218 1231 2221; x_wconf 97' lang='lat'><strong>—</strong></span> <span class='ocrx_word' id='word_1_424' title='bbox 1254 2203 1293 2228; x_wconf 82' lang='lat'>18.</span> <span class='ocrx_word' id='word_1_425' title='bbox 1315 2205 1344 2228; x_wconf 87' lang='lat' dir='ltr'>in</span> <span class='ocrx_word' id='word_1_426' title='bbox 1364 2202 1436 2237; x_wconf 89' lang='lat' dir='ltr'>dies]</span> <span class='ocrx_word' id='word_1_427' title='bbox 1456 2211 1559 2236; x_wconf 84' lang='lat' dir='ltr'>urgens</span> <span class='ocrx_word' id='word_1_428' title='bbox 1578 2205 1608 2228; x_wconf 93' lang='lat' dir='ltr'><em>D</em></span> <span class='ocrx_word' id='word_1_429' title='bbox 1626 2216 1637 2223; x_wconf 92' lang='lat'>-</span> <span class='ocrx_word' id='word_1_430' title='bbox 1656 2203 1733 2228; x_wconf 86' lang='lat' dir='ltr'>enim</span> <span class='ocrx_word' id='word_1_431' title='bbox 1752 2211 1800 2228; x_wconf 82' lang='lat' dir='ltr'>om.</span> <span class='ocrx_word' id='word_1_432' title='bbox 1819 2204 1848 2228; x_wconf 87' lang='lat' dir='ltr'><em>P</em></span> <span class='ocrx_word' id='word_1_433' title='bbox 1863 2217 1897 2222; x_wconf 89' lang='lat'>—</span> <span class='ocrx_word' id='word_1_434' title='bbox 1917 2210 1958 2228; x_wconf 83' lang='lat'>20.</span> <span class='ocrx_word' id='word_1_435' title='bbox 1971 2203 2185 2236; x_wconf 68' lang='lat' dir='ltr'>quibuslibet?</span> 
     </span>
     <span class='ocr_line' id='line_1_42' title="bbox 336 2245 2182 2279; baseline 0.001 -9"><span class='ocrx_word' id='word_1_436' title='bbox 336 2260 369 2264; x_wconf 92' lang='lat'><strong>—</strong></span> <span class='ocrx_word' id='word_1_437' title='bbox 389 2253 431 2272; x_wconf 83' lang='lat'>21.</span> <span class='ocrx_word' id='word_1_438' title='bbox 445 2254 579 2278; x_wconf 83' lang='lat' dir='ltr'>quorsum</span> <span class='ocrx_word' id='word_1_439' title='bbox 601 2246 671 2276; x_wconf 75' lang='lat' dir='ltr'>CD3</span> <span class='ocrx_word' id='word_1_440' title='bbox 691 2254 748 2278; x_wconf 88' lang='lat' dir='ltr'>quo</span> <span class='ocrx_word' id='word_1_441' title='bbox 767 2248 795 2271; x_wconf 81' lang='lat' dir='ltr'>et</span> <span class='ocrx_word' id='word_1_442' title='bbox 815 2247 871 2271; x_wconf 85' lang='lat' dir='ltr'>sibi</span> <span class='ocrx_word' id='word_1_443' title='bbox 891 2247 929 2275; x_wconf 83' lang='lat' dir='ltr'>P;</span> <span class='ocrx_word' id='word_1_444' title='bbox 949 2253 1084 2278; x_wconf 79' lang='lat' dir='ltr'>quorsum</span> <span class='ocrx_word' id='word_1_445' title='bbox 1103 2246 1175 2272; x_wconf 83' lang='lat' dir='ltr'>libet</span> <span class='ocrx_word' id='word_1_446' title='bbox 1195 2247 1324 2271; x_wconf 82' lang='lat' dir='ltr'>accedere</span> <span class='ocrx_word' id='word_1_447' title='bbox 1343 2248 1373 2271; x_wconf 89' lang='lat' dir='ltr'><em>D</em></span> <span class='ocrx_word' id='word_1_448' title='bbox 1390 2259 1424 2264; x_wconf 93' lang='lat'><em>-</em></span> <span class='ocrx_word' id='word_1_449' title='bbox 1444 2246 1545 2270; x_wconf 84' lang='lat' dir='ltr'>liberet</span> <span class='ocrx_word' id='word_1_450' title='bbox 1562 2253 1611 2270; x_wconf 80' lang='lat' dir='ltr'>om.</span> <span class='ocrx_word' id='word_1_451' title='bbox 1632 2246 1655 2271; x_wconf 90' lang='lat' dir='ltr'>C</span> <span class='ocrx_word' id='word_1_452' title='bbox 1672 2259 1705 2264; x_wconf 98' lang='lat'><strong>—</strong></span> <span class='ocrx_word' id='word_1_453' title='bbox 1731 2253 1774 2279; x_wconf 86' lang='lat'>23·</span> <span class='ocrx_word' id='word_1_454' title='bbox 1798 2245 1853 2271; x_wconf 77' lang='lat' dir='ltr'>Ubi</span> <span class='ocrx_word' id='word_1_455' title='bbox 1947 2246 2111 2272; x_wconf 67' lang='lat' dir='ltr'>clauserunt</span> <span class='ocrx_word' id='word_1_456' title='bbox 2133 2253 2182 2272; x_wconf 69' lang='lat' dir='ltr'>on.</span> 
     </span>
     <span class='ocr_line' id='line_1_43' title="bbox 339 2286 2182 2322; baseline 0.001 -9"><span class='ocrx_word' id='word_1_457' title='bbox 339 2290 365 2313; x_wconf 89' lang='lat' dir='ltr'><em>P</em></span> <span class='ocrx_word' id='word_1_458' title='bbox 381 2302 414 2307; x_wconf 92' lang='lat'>—</span> <span class='ocrx_word' id='word_1_459' title='bbox 434 2295 476 2321; x_wconf 83' lang='lat'>²4·</span> <span class='ocrx_word' id='word_1_460' title='bbox 496 2290 525 2313; x_wconf 87' lang='lat' dir='ltr'>in</span> <span class='ocrx_word' id='word_1_461' title='bbox 544 2286 656 2322; x_wconf 83' lang='lat' dir='ltr'>Sicilia]</span> <span class='ocrx_word' id='word_1_462' title='bbox 676 2288 750 2321; x_wconf 82' lang='lat' dir='ltr'>apud</span> <span class='ocrx_word' id='word_1_463' title='bbox 770 2287 899 2313; x_wconf 85' lang='lat' dir='ltr'>Siciliam</span> <span class='ocrx_word' id='word_1_464' title='bbox 920 2289 947 2312; x_wconf 92' lang='lat' dir='ltr'><em>P</em></span> <span class='ocrx_word' id='word_1_465' title='bbox 964 2301 997 2307; x_wconf 92' lang='lat'>—</span> <span class='ocrx_word' id='word_1_466' title='bbox 1016 2294 1059 2321; x_wconf 82' lang='lat'>27.</span> <span class='ocrx_word' id='word_1_467' title='bbox 1077 2286 1157 2322; x_wconf 87' lang='lat' dir='ltr'>aura]</span> <span class='ocrx_word' id='word_1_468' title='bbox 1177 2290 1238 2313; x_wconf 83' lang='lat' dir='ltr'>vita</span> <span class='ocrx_word' id='word_1_469' title='bbox 1256 2289 1320 2314; x_wconf 81' lang='grc' dir='ltr'>ΡΖ)</span> <span class='ocrx_word' id='word_1_470' title='bbox 1337 2302 1370 2307; x_wconf 91' lang='lat'>--</span> <span class='ocrx_word' id='word_1_471' title='bbox 1391 2295 1434 2322; x_wconf 90' lang='lat'>29.</span> <span class='ocrx_word' id='word_1_472' title='bbox 1452 2295 1535 2320; x_wconf 85' lang='lat' dir='ltr'>quam</span> <span class='ocrx_word' id='word_1_473' title='bbox 1554 2288 1633 2313; x_wconf 87' lang='lat' dir='ltr'>vinci</span> <span class='ocrx_word' id='word_1_474' title='bbox 1651 2295 1701 2313; x_wconf 79' lang='lat' dir='ltr'>om.</span> <span class='ocrx_word' id='word_1_475' title='bbox 1714 2289 1744 2312; x_wconf 93' lang='lat' dir='ltr'><em>D</em></span> <span class='ocrx_word' id='word_1_476' title='bbox 1756 2301 1768 2308; x_wconf 93' lang='lat'>-</span> <span class='ocrx_word' id='word_1_477' title='bbox 1780 2288 2000 2314; x_wconf 74' lang='lat' dir='ltr'>omnibusD—</span> <span class='ocrx_word' id='word_1_478' title='bbox 2013 2295 2057 2321; x_wconf 83' lang='lat'>30.</span> <span class='ocrx_word' id='word_1_479' title='bbox 2069 2288 2182 2322; x_wconf 68' lang='lat' dir='ltr'>flagello</span> 
     </span>
     <span class='ocr_line' id='line_1_44' title="bbox 339 2330 650 2363; baseline 0 -8"><span class='ocrx_word' id='word_1_480' title='bbox 339 2331 382 2355; x_wconf 90' lang='lat' dir='ltr'>uti</span> <span class='ocrx_word' id='word_1_481' title='bbox 400 2330 449 2363; x_wconf 80' lang='lat' dir='ltr'>ad]</span> <span class='ocrx_word' id='word_1_482' title='bbox 468 2331 548 2355; x_wconf 86' lang='lat' dir='ltr'>firmo</span> <span class='ocrx_word' id='word_1_483' title='bbox 568 2330 603 2355; x_wconf 85' lang='lat' dir='ltr'>ad</span> <span class='ocrx_word' id='word_1_484' title='bbox 621 2331 650 2356; x_wconf 89' lang='grc' dir='ltr'><em>Ρ</em></span> 
     </span>
    </p>
   </div>
   <div class='ocr_carea' id='block_1_12' title="bbox 337 2431 1233 2969">
    <p class='ocr_par' dir='ltr' id='par_1_15' title="bbox 337 2431 1233 2969">
     <span class='ocr_line' id='line_1_45' title="bbox 425 2431 1231 2465; baseline 0 -7"><span class='ocrx_word' id='word_1_485' title='bbox 425 2431 433 2449; x_wconf 92' lang='lat'><strong>¹</strong></span> <span class='ocrx_word' id='word_1_486' title='bbox 453 2433 539 2458; x_wconf 83' lang='lat' dir='ltr'>Forse</span> <span class='ocrx_word' id='word_1_487' title='bbox 559 2435 583 2457; x_wconf 89' lang='lat' dir='ltr'>si</span> <span class='ocrx_word' id='word_1_488' title='bbox 604 2434 694 2457; x_wconf 80' lang='lat' dir='ltr'>tratta</span> <span class='ocrx_word' id='word_1_489' title='bbox 713 2433 742 2457; x_wconf 87' lang='lat' dir='ltr'>di</span> <span class='ocrx_word' id='word_1_490' title='bbox 761 2440 798 2457; x_wconf 86' lang='lat' dir='ltr'>un</span> <span class='ocrx_word' id='word_1_491' title='bbox 820 2433 938 2457; x_wconf 81' lang='lat' dir='ltr'>castello</span> <span class='ocrx_word' id='word_1_492' title='bbox 957 2441 1054 2465; x_wconf 86' lang='lat' dir='ltr'>presso</span> <span class='ocrx_word' id='word_1_493' title='bbox 1069 2433 1091 2458; x_wconf 87' lang='lat' dir='ltr'>il</span> <span class='ocrx_word' id='word_1_494' title='bbox 1105 2435 1231 2459; x_wconf 83' lang='lat' dir='ltr'>torrente</span> 
     </span>
     <span class='ocr_line' id='line_1_46' title="bbox 344 2474 1230 2508; baseline 0 -8"><span class='ocrx_word' id='word_1_495' title='bbox 344 2476 448 2508; x_wconf 73' lang='lat' dir='ltr'>Garga,</span> <span class='ocrx_word' id='word_1_496' title='bbox 468 2475 599 2500; x_wconf 81' lang='lat' dir='ltr'>affluente</span> <span class='ocrx_word' id='word_1_497' title='bbox 623 2474 669 2499; x_wconf 91' lang='lat' dir='ltr'>del</span> <span class='ocrx_word' id='word_1_498' title='bbox 695 2474 818 2504; x_wconf 52' lang='lat' dir='ltr'>Cos-:ua</span> <span class='ocrx_word' id='word_1_499' title='bbox 844 2475 894 2499; x_wconf 87' lang='lat' dir='ltr'>che</span> <span class='ocrx_word' id='word_1_500' title='bbox 917 2475 954 2500; x_wconf 86' lang='lat' dir='ltr'>ha</span> <span class='ocrx_word' id='word_1_501' title='bbox 980 2475 1042 2500; x_wconf 82' lang='lat' dir='ltr'>soce</span> <span class='ocrx_word' id='word_1_502' title='bbox 1068 2476 1113 2500; x_wconf 87' lang='lat' dir='ltr'>nel</span> <span class='ocrx_word' id='word_1_503' title='bbox 1139 2475 1230 2500; x_wconf 77' lang='lat' dir='ltr'>Grati.</span> 
     </span>
     <span class='ocr_line' id='line_1_47' title="bbox 337 2516 1233 2549; baseline 0.002 -8"><span class='ocrx_word' id='word_1_504' title='bbox 337 2516 458 2542; x_wconf 86' lang='lat' dir='ltr'>Osserva</span> <span class='ocrx_word' id='word_1_505' title='bbox 477 2516 545 2549; x_wconf 79' lang='lat' dir='ltr'>pero</span> <span class='ocrx_word' id='word_1_506' title='bbox 565 2517 587 2541; x_wconf 94' lang='lat' dir='ltr'>il</span> <span class='ocrx_word' id='word_1_507' title='bbox 606 2523 670 2541; x_wconf 66' lang='lat' dir='ltr'>von</span> <span class='ocrx_word' id='word_1_508' title='bbox 687 2517 887 2546; x_wconf 54' lang='lat' dir='ltr'>His-mimam,</span> <span class='ocrx_word' id='word_1_509' title='bbox 913 2518 1062 2543; x_wconf 73' lang='lat' dir='ltr'>Geschicbte</span> <span class='ocrx_word' id='word_1_510' title='bbox 1087 2519 1137 2542; x_wconf 86' lang='lat' dir='ltr'>der</span> <span class='ocrx_word' id='word_1_511' title='bbox 1158 2519 1233 2543; x_wconf 84' lang='lat' dir='ltr'>Nor-</span> 
     </span>
     <span class='ocr_line' id='line_1_48' title="bbox 337 2559 1232 2592; baseline 0.001 -9"><span class='ocrx_word' id='word_1_512' title='bbox 337 2567 448 2583; x_wconf 77' lang='lat' dir='ltr'>mannaen</span> <span class='ocrx_word' id='word_1_513' title='bbox 465 2561 527 2589; x_wconf 86' lang='lat' dir='ltr'>ete.‚</span> <span class='ocrx_word' id='word_1_514' title='bbox 547 2560 604 2588; x_wconf 83' lang='lat' dir='ltr'>eit.‚</span> <span class='ocrx_word' id='word_1_515' title='bbox 625 2567 652 2592; x_wconf 84' lang='lat' dir='ltr'>p.</span> <span class='ocrx_word' id='word_1_516' title='bbox 671 2566 720 2591; x_wconf 86' lang='lat'>391</span> <span class='ocrx_word' id='word_1_517' title='bbox 744 2573 773 2577; x_wconf 97' lang='lat'>—</span> <span class='ocrx_word' id='word_1_518' title='bbox 794 2566 810 2583; x_wconf 87' lang='lat' dir='ltr'>e</span> <span class='ocrx_word' id='word_1_519' title='bbox 828 2566 856 2583; x_wconf 81' lang='lat' dir='ltr'>se</span> <span class='ocrx_word' id='word_1_520' title='bbox 877 2566 911 2583; x_wconf 91' lang='lat' dir='ltr'>ne</span> <span class='ocrx_word' id='word_1_521' title='bbox 931 2559 1020 2583; x_wconf 81' lang='lat' dir='ltr'>faccia</span> <span class='ocrx_word' id='word_1_522' title='bbox 1040 2560 1061 2583; x_wconf 91' lang='lat' dir='ltr'>il</span> <span class='ocrx_word' id='word_1_523' title='bbox 1081 2562 1168 2585; x_wconf 87' lang='lat' dir='ltr'>conto</span> <span class='ocrx_word' id='word_1_524' title='bbox 1181 2560 1232 2584; x_wconf 86' lang='lat' dir='ltr'>che</span> 
     </span>
     <span class='ocr_line' id='line_1_49' title="bbox 337 2599 1231 2627; baseline 0.001 -2"><span class='ocrx_word' id='word_1_525' title='bbox 337 2602 360 2625; x_wconf 86' lang='lat' dir='ltr'>si</span> <span class='ocrx_word' id='word_1_526' title='bbox 381 2602 462 2626; x_wconf 88' lang='lat' dir='ltr'>creda</span> <span class='ocrx_word' id='word_1_527' title='bbox 481 2609 531 2625; x_wconf 82' lang='lat'>—=</span> <span class='ocrx_word' id='word_1_528' title='bbox 550 2599 565 2626; x_wconf 69' lang='grc' dir='ltr'><strong>ὸ</strong></span> <span class='ocrx_word' id='word_1_529' title='bbox 584 2608 651 2625; x_wconf 85' lang='lat' dir='ltr'>vero</span> <span class='ocrx_word' id='word_1_530' title='bbox 672 2601 722 2625; x_wconf 92' lang='lat' dir='ltr'>che</span> <span class='ocrx_word' id='word_1_531' title='bbox 740 2600 894 2626; x_wconf 83' lang='lat' dir='ltr'>Malaterra</span> <span class='ocrx_word' id='word_1_532' title='bbox 906 2609 921 2625; x_wconf 89' lang='lat' dir='ltr'>e</span> <span class='ocrx_word' id='word_1_533' title='bbox 934 2601 1096 2626; x_wconf 86' lang='lat' dir='ltr'>Romualdo</span> <span class='ocrx_word' id='word_1_534' title='bbox 1109 2602 1231 2627; x_wconf 83' lang='lat' dir='ltr'>Salerni-</span> 
     </span>
     <span class='ocr_line' id='line_1_50' title="bbox 337 2641 1231 2674; baseline 0.002 -7"><span class='ocrx_word' id='word_1_535' title='bbox 337 2644 405 2667; x_wconf 79' lang='lat' dir='ltr'>tano</span> <span class='ocrx_word' id='word_1_536' title='bbox 425 2643 578 2668; x_wconf 84' lang='lat' dir='ltr'>ricordano</span> <span class='ocrx_word' id='word_1_537' title='bbox 597 2643 685 2668; x_wconf 85' lang='lat' dir='ltr'>Santa</span> <span class='ocrx_word' id='word_1_538' title='bbox 703 2642 848 2674; x_wconf 81' lang='lat' dir='ltr'>Severina,</span> <span class='ocrx_word' id='word_1_539' title='bbox 867 2643 895 2667; x_wconf 87' lang='lat' dir='ltr'>la</span> <span class='ocrx_word' id='word_1_540' title='bbox 909 2645 978 2668; x_wconf 83' lang='lat' dir='ltr'>nota</span> <span class='ocrx_word' id='word_1_541' title='bbox 990 2641 1062 2668; x_wconf 67' lang='lat' dir='ltr'>eitta</span> <span class='ocrx_word' id='word_1_542' title='bbox 1074 2644 1231 2673; x_wconf 73' lang='lat' dir='ltr'>bizuntina,</span> 
     </span>
     <span class='ocr_line' id='line_1_51' title="bbox 338 2684 1231 2718; baseline 0.001 -9"><span class='ocrx_word' id='word_1_543' title='bbox 338 2685 413 2709; x_wconf 84' lang='lat' dir='ltr'>nella</span> <span class='ocrx_word' id='word_1_544' title='bbox 427 2692 507 2718; x_wconf 85' lang='lat' dir='ltr'>prov.</span> <span class='ocrx_word' id='word_1_545' title='bbox 522 2684 550 2709; x_wconf 85' lang='lat' dir='ltr'>dl</span> <span class='ocrx_word' id='word_1_546' title='bbox 564 2684 734 2714; x_wconf 84' lang='lat' dir='ltr'>Catanzaro,</span> <span class='ocrx_word' id='word_1_547' title='bbox 748 2692 825 2709; x_wconf 89' lang='lat' dir='ltr'>come</span> <span class='ocrx_word' id='word_1_548' title='bbox 844 2686 871 2709; x_wconf 82' lang='lat' dir='ltr'>la</span> <span class='ocrx_word' id='word_1_549' title='bbox 886 2692 968 2709; x_wconf 88' lang='lat' dir='ltr'>rocca</span> <span class='ocrx_word' id='word_1_550' title='bbox 981 2692 1034 2709; x_wconf 85' lang='lat' dir='ltr'>ove</span> <span class='ocrx_word' id='word_1_551' title='bbox 1053 2685 1196 2711; x_wconf 80' lang='lat' dir='ltr'>Abelardo</span> <span class='ocrx_word' id='word_1_552' title='bbox 1216 2694 1231 2710; x_wconf 88' lang='lat' dir='ltr'>a</span> 
     </span>
     <span class='ocr_line' id='line_1_52' title="bbox 337 2726 1231 2760; baseline 0.002 -9"><span class='ocrx_word' id='word_1_553' title='bbox 337 2727 425 2760; x_wconf 87' lang='lat' dir='ltr'>lungo</span> <span class='ocrx_word' id='word_1_554' title='bbox 445 2735 459 2752; x_wconf 91' lang='lat' dir='ltr'>e</span> <span class='ocrx_word' id='word_1_555' title='bbox 478 2727 669 2752; x_wconf 81' lang='lat' dir='ltr'>validamente</span> <span class='ocrx_word' id='word_1_556' title='bbox 681 2727 707 2751; x_wconf 79' lang='lat' dir='ltr'>si</span> <span class='ocrx_word' id='word_1_557' title='bbox 720 2727 822 2756; x_wconf 75' lang='lat' dir='ltr'>disese3</span> <span class='ocrx_word' id='word_1_558' title='bbox 842 2727 876 2751; x_wconf 87' lang='lat' dir='ltr'>ed</span> <span class='ocrx_word' id='word_1_559' title='bbox 895 2726 910 2752; x_wconf 68' lang='lat' dir='ltr'>&#39;e</span> <span class='ocrx_word' id='word_1_560' title='bbox 923 2727 1012 2752; x_wconf 83' lang='lat' dir='ltr'>anche</span> <span class='ocrx_word' id='word_1_561' title='bbox 1025 2734 1091 2752; x_wconf 91' lang='lat' dir='ltr'>vero</span> <span class='ocrx_word' id='word_1_562' title='bbox 1105 2728 1155 2753; x_wconf 85' lang='lat' dir='ltr'>che</span> <span class='ocrx_word' id='word_1_563' title='bbox 1167 2735 1231 2760; x_wconf 89' lang='lat' dir='ltr'>que-</span> 
     </span>
     <span class='ocr_line' id='line_1_53' title="bbox 338 2768 1232 2802; baseline 0.002 -9"><span class='ocrx_word' id='word_1_564' title='bbox 338 2770 380 2794; x_wconf 85' lang='lat' dir='ltr'>sta</span> <span class='ocrx_word' id='word_1_565' title='bbox 399 2769 470 2795; x_wconf 72' lang='lat' dir='ltr'>citta</span> <span class='ocrx_word' id='word_1_566' title='bbox 483 2768 498 2795; x_wconf 76' lang='grc' dir='ltr'>ὲ</span> <span class='ocrx_word' id='word_1_567' title='bbox 511 2772 585 2795; x_wconf 79' lang='lat' dir='ltr'>stata</span> <span class='ocrx_word' id='word_1_568' title='bbox 598 2771 735 2795; x_wconf 69' lang='lat' dir='ltr'>aecettata</span> <span class='ocrx_word' id='word_1_569' title='bbox 749 2770 784 2794; x_wconf 84' lang='lat' dir='ltr'>da</span> <span class='ocrx_word' id='word_1_570' title='bbox 796 2770 868 2795; x_wconf 83' lang='lat' dir='ltr'>tutti</span> <span class='ocrx_word' id='word_1_571' title='bbox 880 2770 921 2802; x_wconf 86' lang='lat' dir='ltr'>gli</span> <span class='ocrx_word' id='word_1_572' title='bbox 937 2769 1061 2794; x_wconf 85' lang='lat' dir='ltr'>studiosi</span> <span class='ocrx_word' id='word_1_573' title='bbox 1075 2770 1149 2795; x_wconf 83' lang='lat' dir='ltr'>della</span> <span class='ocrx_word' id='word_1_574' title='bbox 1169 2778 1232 2795; x_wconf 88' lang='lat' dir='ltr'>con-</span> 
     </span>
     <span class='ocr_line' id='line_1_54' title="bbox 338 2812 1232 2844; baseline 0.002 -8"><span class='ocrx_word' id='word_1_575' title='bbox 338 2812 430 2843; x_wconf 84' lang='lat' dir='ltr'>quista</span> <span class='ocrx_word' id='word_1_576' title='bbox 450 2819 617 2838; x_wconf 85' lang='lat' dir='ltr'>normanna.</span> <span class='ocrx_word' id='word_1_577' title='bbox 653 2813 709 2842; x_wconf 85' lang='lat' dir='ltr'>Ma,</span> <span class='ocrx_word' id='word_1_578' title='bbox 728 2812 844 2844; x_wconf 83' lang='lat' dir='ltr'>quando</span> <span class='ocrx_word' id='word_1_579' title='bbox 866 2813 890 2836; x_wconf 88' lang='lat' dir='ltr'>si</span> <span class='ocrx_word' id='word_1_580' title='bbox 910 2813 991 2844; x_wconf 81' lang='lat' dir='ltr'>pensi</span> <span class='ocrx_word' id='word_1_581' title='bbox 1010 2812 1060 2836; x_wconf 89' lang='lat' dir='ltr'>che</span> <span class='ocrx_word' id='word_1_582' title='bbox 1080 2814 1088 2836; x_wconf 93' lang='lat' dir='ltr'>i</span> <span class='ocrx_word' id='word_1_583' title='bbox 1109 2815 1232 2844; x_wconf 82' lang='lat' dir='ltr'>possessi</span> 
     </span>
     <span class='ocr_line' id='line_1_55' title="bbox 338 2853 1232 2886; baseline 0.002 -8"><span class='ocrx_word' id='word_1_584' title='bbox 338 2853 368 2877; x_wconf 85' lang='lat' dir='ltr'>di</span> <span class='ocrx_word' id='word_1_585' title='bbox 386 2854 529 2878; x_wconf 85' lang='lat' dir='ltr'>Abelardo</span> <span class='ocrx_word' id='word_1_586' title='bbox 549 2862 635 2879; x_wconf 87' lang='lat' dir='ltr'>erano</span> <span class='ocrx_word' id='word_1_587' title='bbox 655 2855 731 2879; x_wconf 88' lang='lat' dir='ltr'>nella</span> <span class='ocrx_word' id='word_1_588' title='bbox 751 2853 885 2879; x_wconf 82' lang='lat' dir='ltr'>Calabris</span> <span class='ocrx_word' id='word_1_589' title='bbox 908 2855 1132 2886; x_wconf 76' lang='lat' dir='ltr'>settentrionale,</span> <span class='ocrx_word' id='word_1_590' title='bbox 1159 2856 1232 2880; x_wconf 85' lang='lat' dir='ltr'>dove</span> 
     </span>
     <span class='ocr_line' id='line_1_56' title="bbox 338 2892 1230 2920; baseline 0.002 -3"><span class='ocrx_word' id='word_1_591' title='bbox 338 2892 463 2918; x_wconf 83' lang='lat' dir='ltr'>Roberto</span> <span class='ocrx_word' id='word_1_592' title='bbox 483 2894 641 2919; x_wconf 84' lang='lat' dir='ltr'>Guiscardo</span> <span class='ocrx_word' id='word_1_593' title='bbox 661 2902 748 2919; x_wconf 84' lang='lat' dir='ltr'>aveva</span> <span class='ocrx_word' id='word_1_594' title='bbox 770 2894 922 2919; x_wconf 74' lang='lat' dir='ltr'>fortificata</span> <span class='ocrx_word' id='word_1_595' title='bbox 936 2894 1068 2919; x_wconf 86' lang='lat' dir='ltr'>Rossano</span> <span class='ocrx_word' id='word_1_596' title='bbox 1081 2896 1182 2920; x_wconf 84' lang='lat' dir='ltr'>contro</span> <span class='ocrx_word' id='word_1_597' title='bbox 1201 2896 1230 2920; x_wconf 88' lang='lat' dir='ltr'>di</span> 
     </span>
     <span class='ocr_line' id='line_1_57' title="bbox 338 2934 1232 2969; baseline 0.002 -11"><span class='ocrx_word' id='word_1_598' title='bbox 338 2934 380 2958; x_wconf 88' lang='lat' dir='ltr'>lui</span> <span class='ocrx_word' id='word_1_599' title='bbox 399 2935 432 2959; x_wconf 88' lang='lat' dir='ltr'>ed</span> <span class='ocrx_word' id='word_1_600' title='bbox 452 2942 506 2959; x_wconf 84' lang='lat' dir='ltr'>ove</span> <span class='ocrx_word' id='word_1_601' title='bbox 525 2937 547 2959; x_wconf 86' lang='lat' dir='ltr'>si</span> <span class='ocrx_word' id='word_1_602' title='bbox 569 2936 696 2959; x_wconf 85' lang='lat' dir='ltr'>svolsero</span> <span class='ocrx_word' id='word_1_603' title='bbox 715 2937 789 2960; x_wconf 86' lang='lat' dir='ltr'>tutte</span> <span class='ocrx_word' id='word_1_604' title='bbox 807 2935 835 2960; x_wconf 88' lang='lat' dir='ltr'>le</span> <span class='ocrx_word' id='word_1_605' title='bbox 852 2935 1017 2968; x_wconf 82' lang='lat' dir='ltr'>operazloni</span> <span class='ocrx_word' id='word_1_606' title='bbox 1038 2935 1114 2960; x_wconf 77' lang='lat' dir='ltr'>della</span> <span class='ocrx_word' id='word_1_607' title='bbox 1131 2943 1232 2969; x_wconf 82' lang='lat' dir='ltr'>guerra</span> 
     </span>
    </p>
   </div>
   <div class='ocr_carea' id='block_1_13' title="bbox 279 2975 1231 3010">
    <p class='ocr_par' dir='ltr' id='par_1_16' title="bbox 279 2975 1231 3010">
     <span class='ocr_line' id='line_1_58' title="bbox 279 2975 1231 3010; baseline 0.003 -11"><span class='ocrx_word' id='word_1_608' title='bbox 279 2984 313 3002; x_wconf 89' lang='lat'>20</span> <span class='ocrx_word' id='word_1_609' title='bbox 340 2978 384 3000; x_wconf 82' lang='lat' dir='ltr'>tra</span> <span class='ocrx_word' id='word_1_610' title='bbox 407 2977 452 3000; x_wconf 89' lang='lat' dir='ltr'>zio</span> <span class='ocrx_word' id='word_1_611' title='bbox 476 2984 491 3001; x_wconf 87' lang='lat' dir='ltr'>e</span> <span class='ocrx_word' id='word_1_612' title='bbox 516 2978 623 3009; x_wconf 84' lang='lat' dir='ltr'>nipote,</span> <span class='ocrx_word' id='word_1_613' title='bbox 650 2984 706 3002; x_wconf 91' lang='lat' dir='ltr'>non</span> <span class='ocrx_word' id='word_1_614' title='bbox 729 2975 868 3002; x_wconf 75' lang='lat' dir='ltr'>sembrera</span> <span class='ocrx_word' id='word_1_615' title='bbox 887 2979 984 3002; x_wconf 74' lang='lat' dir='ltr'>sti-ano</span> <span class='ocrx_word' id='word_1_616' title='bbox 1004 2977 1026 3001; x_wconf 92' lang='lat' dir='ltr'>il</span> <span class='ocrx_word' id='word_1_617' title='bbox 1046 2984 1162 3010; x_wconf 81' lang='lat' dir='ltr'>pensare</span> <span class='ocrx_word' id='word_1_618' title='bbox 1182 2979 1231 3003; x_wconf 88' lang='lat' dir='ltr'>che</span> 
     </span>
    </p>
   </div>
   <div class='ocr_carea' id='block_1_14' title="bbox 339 3018 1229 3051">
    <p class='ocr_par' dir='ltr' id='par_1_17' title="bbox 339 3018 1229 3051">
     <span class='ocr_line' id='line_1_59' title="bbox 339 3018 1229 3051; baseline 0.004 -9"><span class='ocrx_word' id='word_1_619' title='bbox 339 3018 472 3050; x_wconf 85' lang='lat' dir='ltr'>potrebbe</span> <span class='ocrx_word' id='word_1_620' title='bbox 490 3019 616 3043; x_wconf 79' lang='lat' dir='ltr'>trattarsi</span> <span class='ocrx_word' id='word_1_621' title='bbox 636 3020 665 3044; x_wconf 90' lang='lat' dir='ltr'>di</span> <span class='ocrx_word' id='word_1_622' title='bbox 689 3019 745 3045; x_wconf 82' lang='lat' dir='ltr'>San</span> <span class='ocrx_word' id='word_1_623' title='bbox 766 3019 911 3048; x_wconf 88' lang='lat' dir='ltr'>Severino‚</span> <span class='ocrx_word' id='word_1_624' title='bbox 938 3019 1013 3044; x_wconf 82' lang='lat' dir='ltr'>nella</span> <span class='ocrx_word' id='word_1_625' title='bbox 1032 3020 1181 3051; x_wconf 78' lang='lat' dir='ltr'>provincia</span> <span class='ocrx_word' id='word_1_626' title='bbox 1201 3022 1229 3046; x_wconf 90' lang='lat' dir='ltr'>di</span> 
     </span>
    </p>
   </div>
   <div class='ocr_carea' id='block_1_15' title="bbox 1286 2434 2184 2550">
    <p class='ocr_par' dir='ltr' id='par_1_18' title="bbox 1286 2434 2184 2550">
     <span class='ocr_line' id='line_1_60' title="bbox 1286 2434 1421 2459; baseline 0.007 -1"><span class='ocrx_word' id='word_1_627' title='bbox 1286 2434 1421 2459; x_wconf 80' lang='lat' dir='ltr'>Potenza.</span> 
     </span>
     <span class='ocr_line' id='line_1_61' title="bbox 1373 2474 2184 2509; baseline 0.002 -9"><span class='ocrx_word' id='word_1_628' title='bbox 1373 2474 1385 2491; x_wconf 76' lang='lat'><strong>²</strong></span> <span class='ocrx_word' id='word_1_629' title='bbox 1403 2474 1529 2500; x_wconf 75' lang='lat' dir='ltr'>Trattasi</span> <span class='ocrx_word' id='word_1_630' title='bbox 1550 2475 1596 2500; x_wconf 91' lang='lat' dir='ltr'>del</span> <span class='ocrx_word' id='word_1_631' title='bbox 1616 2475 1735 2500; x_wconf 79' lang='lat' dir='ltr'>castello</span> <span class='ocrx_word' id='word_1_632' title='bbox 1761 2475 1791 2500; x_wconf 80' lang='lat' dir='ltr'>di</span> <span class='ocrx_word' id='word_1_633' title='bbox 1816 2475 1992 2508; x_wconf 69' lang='lat' dir='ltr'>Sant’Agata</span> <span class='ocrx_word' id='word_1_634' title='bbox 2016 2475 2047 2502; x_wconf 71' lang='lat' dir='ltr'>dl</span> <span class='ocrx_word' id='word_1_635' title='bbox 2071 2475 2184 2509; x_wconf 75' lang='lat' dir='ltr'>Pugna,</span> 
     </span>
     <span class='ocr_line' id='line_1_62' title="bbox 1286 2517 2183 2550; baseline 0 -8"><span class='ocrx_word' id='word_1_636' title='bbox 1286 2518 1318 2542; x_wconf 84' lang='lat' dir='ltr'>in</span> <span class='ocrx_word' id='word_1_637' title='bbox 1343 2525 1425 2550; x_wconf 86' lang='lat' dir='ltr'>prov.</span> <span class='ocrx_word' id='word_1_638' title='bbox 1450 2517 1480 2542; x_wconf 85' lang='lat' dir='ltr'>dl</span> <span class='ocrx_word' id='word_1_639' title='bbox 1507 2518 1623 2550; x_wconf 82' lang='lat' dir='ltr'>Foggia,</span> <span class='ocrx_word' id='word_1_640' title='bbox 1649 2524 1727 2542; x_wconf 91' lang='lat' dir='ltr'>come</span> <span class='ocrx_word' id='word_1_641' title='bbox 1753 2517 1989 2543; x_wconf 85' lang='lat' dir='ltr'>concordemente</span> <span class='ocrx_word' id='word_1_642' title='bbox 2013 2518 2183 2544; x_wconf 74' lang='lat' dir='ltr'>riferlscono</span> 
     </span>
    </p>
   </div>
   <div class='ocr_carea' id='block_1_16' title="bbox 1287 2541 2242 2592">
    <p class='ocr_par' dir='ltr' id='par_1_19' title="bbox 1287 2541 2242 2592">
     <span class='ocr_line' id='line_1_63' title="bbox 1287 2541 2242 2592; baseline 0.003 -8"><span class='ocrx_word' id='word_1_643' title='bbox 1287 2560 1410 2590; x_wconf 67' lang='grc' dir='ltr'><strong>ΑΜΑτ-ο,</strong></span> <span class='ocrx_word' id='word_1_644' title='bbox 1429 2559 1490 2589; x_wconf 84' lang='lat' dir='ltr'>vn.</span> <span class='ocrx_word' id='word_1_645' title='bbox 1511 2565 1553 2591; x_wconf 83' lang='lat'>25,</span> <span class='ocrx_word' id='word_1_646' title='bbox 1566 2568 1581 2585; x_wconf 87' lang='lat' dir='ltr'>e</span> <span class='ocrx_word' id='word_1_647' title='bbox 1593 2560 1732 2585; x_wconf 61' lang='lat' dir='ltr'>Romus„</span> <span class='ocrx_word' id='word_1_648' title='bbox 1752 2559 1919 2591; x_wconf 59' lang='lat' dir='ltr'>Smmr„</span> <span class='ocrx_word' id='word_1_649' title='bbox 1934 2565 1994 2592; x_wconf 85' lang='lat'>407.</span> <span class='ocrx_word' id='word_1_650' title='bbox 2033 2558 2152 2592; x_wconf 69' lang='lat' dir='ltr'>Quium,</span> <span class='ocrx_word' id='word_1_651' title='bbox 2166 2567 2184 2584; x_wconf 82' lang='grc' dir='ltr'>ι</span> <span class='ocrx_word' id='word_1_652' title='bbox 2239 2541 2242 2542; x_wconf 15' lang='grc' dir='ltr'><em>γ</em></span> 
     </span>
    </p>
   </div>
   <div class='ocr_carea' id='block_1_17' title="bbox 1286 2601 2184 2761">
    <p class='ocr_par' dir='ltr' id='par_1_20' title="bbox 1286 2601 2184 2761">
     <span class='ocr_line' id='line_1_64' title="bbox 1286 2601 2182 2635; baseline 0.002 -10"><span class='ocrx_word' id='word_1_653' title='bbox 1286 2603 1366 2626; x_wconf 87' lang='lat' dir='ltr'>torto</span> <span class='ocrx_word' id='word_1_654' title='bbox 1385 2603 1414 2626; x_wconf 94' lang='lat' dir='ltr'>lo</span> <span class='ocrx_word' id='word_1_655' title='bbox 1432 2601 1627 2634; x_wconf 58' lang='lat' dir='ltr'>effluxum«,</span> <span class='ocrx_word' id='word_1_656' title='bbox 1649 2606 1690 2633; x_wconf 77' lang='lat' dir='ltr'>op.</span> <span class='ocrx_word' id='word_1_657' title='bbox 1704 2602 1758 2632; x_wconf 66' lang='lat' dir='ltr'>cit„</span> <span class='ocrx_word' id='word_1_658' title='bbox 1774 2602 1834 2627; x_wconf 90' lang='lat' dir='ltr'>vol.</span> <span class='ocrx_word' id='word_1_659' title='bbox 1852 2602 1874 2632; x_wconf 91' lang='grc' dir='ltr'>Ι,</span> <span class='ocrx_word' id='word_1_660' title='bbox 1892 2610 1919 2635; x_wconf 85' lang='lat' dir='ltr'>p.</span> <span class='ocrx_word' id='word_1_661' title='bbox 1939 2608 1998 2634; x_wconf 84' lang='lat'>241,</span> <span class='ocrx_word' id='word_1_662' title='bbox 2017 2603 2120 2628; x_wconf 78' lang='lat' dir='ltr'>ritieae</span> <span class='ocrx_word' id='word_1_663' title='bbox 2133 2602 2182 2627; x_wconf 85' lang='lat' dir='ltr'>che</span> 
     </span>
     <span class='ocr_line' id='line_1_65' title="bbox 1288 2643 2183 2677; baseline 0.002 -10"><span class='ocrx_word' id='word_1_664' title='bbox 1288 2645 1361 2668; x_wconf 81' lang='lat' dir='ltr'>fosse</span> <span class='ocrx_word' id='word_1_665' title='bbox 1380 2643 1556 2676; x_wconf 81' lang='lat' dir='ltr'>Sant’Agata</span> <span class='ocrx_word' id='word_1_666' title='bbox 1575 2645 1603 2669; x_wconf 91' lang='lat' dir='ltr'>di</span> <span class='ocrx_word' id='word_1_667' title='bbox 1624 2644 1740 2675; x_wconf 83' lang='lat' dir='ltr'>Bianco,</span> <span class='ocrx_word' id='word_1_668' title='bbox 1760 2644 1788 2669; x_wconf 85' lang='lat' dir='ltr'>la</span> <span class='ocrx_word' id='word_1_669' title='bbox 1799 2644 1883 2676; x_wconf 81' lang='lat' dir='ltr'>quale</span> <span class='ocrx_word' id='word_1_670' title='bbox 1895 2644 1920 2669; x_wconf 82' lang='lat' dir='ltr'>si</span> <span class='ocrx_word' id='word_1_671' title='bbox 1933 2646 2017 2670; x_wconf 68' lang='lat' dir='ltr'>trove</span> <span class='ocrx_word' id='word_1_672' title='bbox 2029 2644 2107 2670; x_wconf 72' lang='lat' dir='ltr'>nella</span> <span class='ocrx_word' id='word_1_673' title='bbox 2117 2651 2183 2677; x_wconf 82' lang='lat' dir='ltr'>pro-</span> 
     </span>
     <span class='ocr_line' id='line_1_66' title="bbox 1287 2684 2184 2719; baseline 0.002 -9"><span class='ocrx_word' id='word_1_674' title='bbox 1287 2686 1384 2711; x_wconf 81' lang='lat' dir='ltr'>vincia</span> <span class='ocrx_word' id='word_1_675' title='bbox 1403 2686 1431 2711; x_wconf 86' lang='lat' dir='ltr'>di</span> <span class='ocrx_word' id='word_1_676' title='bbox 1451 2685 1563 2719; x_wconf 85' lang='lat' dir='ltr'>Reggio</span> <span class='ocrx_word' id='word_1_677' title='bbox 1582 2687 1611 2711; x_wconf 91' lang='lat' dir='ltr'>di</span> <span class='ocrx_word' id='word_1_678' title='bbox 1633 2687 1775 2712; x_wconf 77' lang='lat' dir='ltr'>Calabria.</span> <span class='ocrx_word' id='word_1_679' title='bbox 1811 2686 1913 2712; x_wconf 80' lang='lat' dir='ltr'>Infatti</span> <span class='ocrx_word' id='word_1_680' title='bbox 1932 2684 1948 2711; x_wconf 72' lang='grc' dir='ltr'>δ</span> <span class='ocrx_word' id='word_1_681' title='bbox 1966 2688 2036 2712; x_wconf 78' lang='lat' dir='ltr'>noto</span> <span class='ocrx_word' id='word_1_682' title='bbox 2055 2693 2135 2712; x_wconf 85' lang='lat' dir='ltr'>come</span> <span class='ocrx_word' id='word_1_683' title='bbox 2153 2687 2184 2712; x_wconf 80' lang='lat' dir='ltr'>la</span> 
     </span>
     <span class='ocr_line' id='line_1_67' title="bbox 1286 2728 2181 2761; baseline 0.002 -9"><span class='ocrx_word' id='word_1_684' title='bbox 1286 2729 1387 2761; x_wconf 82' lang='lat' dir='ltr'>Puglia</span> <span class='ocrx_word' id='word_1_685' title='bbox 1403 2729 1477 2753; x_wconf 80' lang='lat' dir='ltr'>fosse</span> <span class='ocrx_word' id='word_1_686' title='bbox 1490 2730 1565 2754; x_wconf 87' lang='lat' dir='ltr'>stata</span> <span class='ocrx_word' id='word_1_687' title='bbox 1580 2730 1600 2753; x_wconf 93' lang='lat' dir='ltr'>il</span> <span class='ocrx_word' id='word_1_688' title='bbox 1615 2730 1708 2754; x_wconf 80' lang='lat' dir='ltr'>teatro</span> <span class='ocrx_word' id='word_1_689' title='bbox 1722 2728 1798 2754; x_wconf 81' lang='lat' dir='ltr'>della</span> <span class='ocrx_word' id='word_1_690' title='bbox 1812 2730 1967 2754; x_wconf 74' lang='lat' dir='ltr'>resistenza</span> <span class='ocrx_word' id='word_1_691' title='bbox 1980 2730 2009 2754; x_wconf 86' lang='lat' dir='ltr'>dl</span> <span class='ocrx_word' id='word_1_692' title='bbox 2023 2729 2181 2759; x_wconf 65' lang='lat' dir='ltr'>Abehrdm</span> 
     </span>
    </p>
   </div>
   <div class='ocr_carea' id='block_1_18' title="bbox 1286 2770 2248 2806">
    <p class='ocr_par' dir='ltr' id='par_1_21' title="bbox 1286 2770 2248 2806">
     <span class='ocr_line' id='line_1_68' title="bbox 1286 2770 2248 2806; baseline 0.003 -12"><span class='ocrx_word' id='word_1_693' title='bbox 1286 2771 1438 2795; x_wconf 80' lang='lat' dir='ltr'>resistenza</span> <span class='ocrx_word' id='word_1_694' title='bbox 1458 2771 1507 2795; x_wconf 90' lang='lat' dir='ltr'>che</span> <span class='ocrx_word' id='word_1_695' title='bbox 1527 2773 1550 2795; x_wconf 91' lang='lat' dir='ltr'>si</span> <span class='ocrx_word' id='word_1_696' title='bbox 1571 2772 1712 2803; x_wconf 84' lang='lat' dir='ltr'>protrasse</span> <span class='ocrx_word' id='word_1_697' title='bbox 1732 2784 1765 2789; x_wconf 94' lang='lat'>-</span> <span class='ocrx_word' id='word_1_698' title='bbox 1785 2778 1800 2795; x_wconf 88' lang='lat' dir='ltr'>e</span> <span class='ocrx_word' id='word_1_699' title='bbox 1818 2771 1841 2795; x_wconf 89' lang='lat' dir='ltr'>il</span> <span class='ocrx_word' id='word_1_700' title='bbox 1855 2771 2007 2796; x_wconf 82' lang='lat' dir='ltr'>Malaterra</span> <span class='ocrx_word' id='word_1_701' title='bbox 2019 2770 2136 2796; x_wconf 76' lang='lat' dir='ltr'>soi-vola</span> <span class='ocrx_word' id='word_1_702' title='bbox 2148 2778 2182 2797; x_wconf 86' lang='lat' dir='ltr'>su</span> <span class='ocrx_word' id='word_1_703' title='bbox 2229 2782 2248 2806; x_wconf 45' lang='grc' dir='ltr'>ῃ</span> 
     </span>
    </p>
   </div>
   <div class='ocr_carea' id='block_1_19' title="bbox 1284 2811 2182 2972">
    <p class='ocr_par' dir='ltr' id='par_1_22' title="bbox 1284 2811 2182 2972">
     <span class='ocr_line' id='line_1_69' title="bbox 1286 2811 2182 2846; baseline 0 -9"><span class='ocrx_word' id='word_1_704' title='bbox 1286 2811 1340 2842; x_wconf 75' lang='grc' dir='ltr'>οἱὸ,</span> <span class='ocrx_word' id='word_1_705' title='bbox 1359 2813 1436 2837; x_wconf 83' lang='lat' dir='ltr'>forse</span> <span class='ocrx_word' id='word_1_706' title='bbox 1455 2812 1555 2846; x_wconf 73' lang='lat' dir='ltr'>perche</span> <span class='ocrx_word' id='word_1_707' title='bbox 1582 2820 1702 2838; x_wconf 80' lang='lat' dir='ltr'>nessuna</span> <span class='ocrx_word' id='word_1_708' title='bbox 1727 2816 1807 2845; x_wconf 84' lang='lat' dir='ltr'>parte</span> <span class='ocrx_word' id='word_1_709' title='bbox 1826 2814 1854 2837; x_wconf 84' lang='lat' dir='ltr'>vi</span> <span class='ocrx_word' id='word_1_710' title='bbox 1875 2814 1943 2838; x_wconf 89' lang='lat' dir='ltr'>ebbe</span> <span class='ocrx_word' id='word_1_711' title='bbox 1961 2814 1983 2837; x_wconf 83' lang='lat' dir='ltr'>il</span> <span class='ocrx_word' id='word_1_712' title='bbox 2003 2814 2087 2839; x_wconf 86' lang='lat' dir='ltr'>conte</span> <span class='ocrx_word' id='word_1_713' title='bbox 2104 2811 2182 2846; x_wconf 80' lang='lat' dir='ltr'>Rug-</span> 
     </span>
     <span class='ocr_line' id='line_1_70' title="bbox 1284 2855 2180 2889; baseline 0.002 -11"><span class='ocrx_word' id='word_1_714' title='bbox 1284 2855 1374 2887; x_wconf 87' lang='lat' dir='ltr'>giero,</span> <span class='ocrx_word' id='word_1_715' title='bbox 1394 2857 1533 2888; x_wconf 76' lang='lat' dir='ltr'>occupato</span> <span class='ocrx_word' id='word_1_716' title='bbox 1553 2856 1647 2880; x_wconf 81' lang='lat' dir='ltr'>allora</span> <span class='ocrx_word' id='word_1_717' title='bbox 1667 2855 1857 2889; x_wconf 80' lang='lat' dir='ltr'>nell’impresa</span> <span class='ocrx_word' id='word_1_718' title='bbox 1877 2855 1907 2880; x_wconf 83' lang='lat' dir='ltr'>di</span> <span class='ocrx_word' id='word_1_719' title='bbox 1919 2855 2022 2880; x_wconf 73' lang='lat' dir='ltr'>Sicula</span> <span class='ocrx_word' id='word_1_720' title='bbox 2034 2869 2068 2874; x_wconf 91' lang='lat'>—</span> <span class='ocrx_word' id='word_1_721' title='bbox 2081 2855 2180 2880; x_wconf 67' lang='lat' dir='ltr'>finoni</span> 
     </span>
     <span class='ocr_line' id='line_1_71' title="bbox 1288 2896 2180 2931; baseline 0.001 -10"><span class='ocrx_word' id='word_1_722' title='bbox 1288 2903 1363 2929; x_wconf 89' lang='lat'>1079,</span> <span class='ocrx_word' id='word_1_723' title='bbox 1389 2898 1478 2922; x_wconf 85' lang='lat' dir='ltr'>anche</span> <span class='ocrx_word' id='word_1_724' title='bbox 1504 2897 1579 2931; x_wconf 80' lang='lat' dir='ltr'>dopo</span> <span class='ocrx_word' id='word_1_725' title='bbox 1606 2898 1633 2922; x_wconf 85' lang='lat' dir='ltr'>la</span> <span class='ocrx_word' id='word_1_726' title='bbox 1658 2905 1718 2923; x_wconf 79' lang='lat' dir='ltr'>resa</span> <span class='ocrx_word' id='word_1_727' title='bbox 1745 2898 1790 2923; x_wconf 88' lang='lat' dir='ltr'>del</span> <span class='ocrx_word' id='word_1_728' title='bbox 1810 2897 1927 2922; x_wconf 81' lang='lat' dir='ltr'>castello</span> <span class='ocrx_word' id='word_1_729' title='bbox 1947 2898 1975 2922; x_wconf 87' lang='lat' dir='ltr'>di</span> <span class='ocrx_word' id='word_1_730' title='bbox 1995 2896 2180 2931; x_wconf 71' lang='lat' dir='ltr'>Sant’Agata.</span> 
     </span>
     <span class='ocr_line' id='line_1_72' title="bbox 1285 2938 2179 2972; baseline 0.001 -9"><span class='ocrx_word' id='word_1_731' title='bbox 1285 2938 1353 2963; x_wconf 91' lang='lat' dir='ltr'>Solo</span> <span class='ocrx_word' id='word_1_732' title='bbox 1372 2939 1404 2963; x_wconf 85' lang='lat' dir='ltr'>ln</span> <span class='ocrx_word' id='word_1_733' title='bbox 1423 2940 1591 2971; x_wconf 85' lang='lat' dir='ltr'>quest’anno</span> <span class='ocrx_word' id='word_1_734' title='bbox 1610 2940 1754 2965; x_wconf 83' lang='lat' dir='ltr'>Abelardo</span> <span class='ocrx_word' id='word_1_735' title='bbox 1774 2948 1789 2965; x_wconf 90' lang='lat' dir='ltr'>e</span> <span class='ocrx_word' id='word_1_736' title='bbox 1808 2947 1858 2965; x_wconf 90' lang='lat' dir='ltr'>suo</span> <span class='ocrx_word' id='word_1_737' title='bbox 1871 2938 1986 2965; x_wconf 76' lang='lat' dir='ltr'>fratello</span> <span class='ocrx_word' id='word_1_738' title='bbox 1998 2940 2179 2972; x_wconf 72' lang='lat' dir='ltr'>emigrarono</span> 
     </span>
    </p>
   </div>
   <div class='ocr_carea' id='block_1_20' title="bbox 1284 2979 2257 3016">
    <p class='ocr_par' dir='ltr' id='par_1_23' title="bbox 1284 2966 2257 3016">
     <span class='ocr_line' id='line_1_73' title="bbox 1284 2979 2257 3016; baseline 0.002 -12"><span class='ocrx_word' id='word_1_739' title='bbox 1284 2988 1334 3013; x_wconf 83' lang='lat' dir='ltr'>per</span> <span class='ocrx_word' id='word_1_740' title='bbox 1353 2979 1601 3014; x_wconf 80' lang='lat' dir='ltr'>Costantinopoli.</span> <span class='ocrx_word' id='word_1_741' title='bbox 1638 2981 1719 3007; x_wconf 85' lang='lat' dir='ltr'>Oltre</span> <span class='ocrx_word' id='word_1_742' title='bbox 1738 2982 1851 3007; x_wconf 74' lang='grc' dir='ltr'>ΑΜΛτο</span> <span class='ocrx_word' id='word_1_743' title='bbox 1869 2990 1884 3006; x_wconf 92' lang='lat' dir='ltr'>e</span> <span class='ocrx_word' id='word_1_744' title='bbox 1902 2981 2040 3007; x_wconf 65' lang='lat' dir='ltr'>Rouuar..</span> <span class='ocrx_word' id='word_1_745' title='bbox 2053 2980 2178 3008; x_wconf 69' lang='lat' dir='ltr'>Sal-mu.</span> <span class='ocrx_word' id='word_1_746' title='bbox 2205 2982 2257 3016; x_wconf 65' lang='grc' dir='ltr'>3ς</span> 
     </span>
    </p>
   </div>
   <div class='ocr_carea' id='block_1_21' title="bbox 1285 3021 2178 3054">
    <p class='ocr_par' dir='ltr' id='par_1_24' title="bbox 1285 3021 2178 3054">
     <span class='ocr_line' id='line_1_74' title="bbox 1285 3021 2178 3054; baseline 0.003 -8"><span class='ocrx_word' id='word_1_747' title='bbox 1285 3023 1343 3052; x_wconf 66' lang='lat' dir='ltr'>cit„</span> <span class='ocrx_word' id='word_1_748' title='bbox 1362 3022 1399 3047; x_wconf 74' lang='lat' dir='ltr'>ci.</span> <span class='ocrx_word' id='word_1_749' title='bbox 1420 3023 1441 3046; x_wconf 88' lang='lat' dir='ltr'>ll</span> <span class='ocrx_word' id='word_1_750' title='bbox 1462 3024 1606 3048; x_wconf 75' lang='lat' dir='ltr'>chronicon</span> <span class='ocrx_word' id='word_1_751' title='bbox 1625 3025 1706 3049; x_wconf 78' lang='lat' dir='ltr'>breve</span> <span class='ocrx_word' id='word_1_752' title='bbox 1726 3025 1876 3054; x_wconf 72' lang='lat' dir='ltr'>Nortman..</span> <span class='ocrx_word' id='word_1_753' title='bbox 1896 3025 1934 3049; x_wconf 88' lang='lat' dir='ltr'>ad</span> <span class='ocrx_word' id='word_1_754' title='bbox 1950 3032 2011 3049; x_wconf 76' lang='lat' dir='ltr'>ann.</span> <span class='ocrx_word' id='word_1_755' title='bbox 2023 3021 2178 3049; x_wconf 80' lang='lat' dir='ltr'><strong>MLXXIX.</strong></span> 
     </span>
    </p>
   </div>
   <div class='ocr_carea' id='block_1_22' title="bbox 2202 1804 2314 3418">
    <p class='ocr_par' dir='ltr' id='par_1_25' title="bbox 2202 1804 2314 3418">
     <span class='ocr_line' id='line_1_75' title="bbox 2202 1804 2314 3418; baseline 0 -477"><span class='ocrx_word' id='word_1_756' title='bbox 2202 1804 2314 3418; x_wconf 95' lang='lat' dir='ltr'>   </span> 
     </span>
    </p>
   </div>
  </div>
 </body>
</html>
