2314 3418
167 589 190 612 C,
207 595 252 614 ur

163 1011 190 1034 B,
206 1011 252 1031 mv

153 1487 226 1511 Mun.¹
242 1491 279 1511 57⁴

161 1752 192 1775 D,
208 1757 246 1771 ιη
253 1757 267 1770 ν

328 245 376 282 52
901 239 1174 276 GAUFREDI
1202 236 1582 273 MALATERRAE
1995 241 2047 278 [A.
2067 240 2160 277 1071]

411 367 537 400 XLIV.
566 383 602 389 ——
628 366 678 397 Ea
700 368 913 406 tempestate,
937 362 1041 394 Costa
1064 360 1319 397 Condomicita,
1343 360 1402 402 qui
1423 357 1569 391 Stilum¹
1591 358 1791 402 jamdudum
1816 359 1897 393 duci
1921 359 2161 392 fraudolenter

325 420 521 457 abstulerat,
545 418 673 450 veritus
696 427 750 454 ne,
775 426 850 448 cum
875 416 944 447 dux
967 425 1083 447 versus
1106 413 1261 446 Siciliam
1285 412 1481 455 navigando
1504 411 1685 444 transitum
1699 412 1885 451 simularet,
1902 412 2022 445 Stilum
2041 412 2159 446 obses-

326 484 397 505 sum
422 473 619 508 diverteret,
643 469 722 501 duci
746 467 999 504 reconciliatus,
1031 472 1179 498 castrum
1206 465 1370 503 reddidit,
1393 464 1453 497 tali
1477 464 1603 508 injuria
1629 475 1677 503 se,
1701 465 1746 497 ad
1776 467 1871 508 quod
1900 467 2042 504 iecerat,
2068 475 2160 498 com-

324 526 455 568 pulsum
479 524 607 556 dicens.
655 522 732 554 Dux
755 522 890 554 Costam
914 519 1079 563 Pelogam
1103 519 1275 562 quendam
1298 519 1515 561 stratigotum
1538 523 1714 556 statuerat,
1738 518 1808 561 qui,
1831 519 1935 552 nimia
1956 519 2158 552 insolentia'

326 578 486 616 defluens,
511 585 662 619 quosque
686 575 851 618 ingenuos
874 573 965 605 viros
988 572 1043 604 vel
1064 573 1235 610 mulieres,
1259 582 1324 604 nec
1348 571 1451 603 etiam
1475 581 1556 603 suae
1581 570 1870 615 consanguinitati
1893 582 2051 615 parcens,
2075 581 2159 604 con·
2206 571 2224 603 5

323 630 467 663 tumeliis
491 628 669 661 afficiebat.
715 627 794 666 Hie,
810 627 899 658 inter
916 631 1064 663 caetera,
1082 625 1254 668 quandam
1270 625 1456 668 ingenuam
1471 629 1675 662 matronam,
1691 624 1830 657 nomine
1846 625 2030 669 Reginam,
2046 626 2159 658 aviam

324 683 448 715 Costae
473 680 746 719 Condomicitae‚
770 679 932 722 gallinam
957 689 1095 710 auream
1120 688 1197 710 cum
1220 677 1335 720 pullis,
1359 687 1459 720 quam
1483 676 1613 709 habere
1630 677 1822 716 dicebatur,
1837 678 1880 711 ab
1896 689 1938 711 ea
1953 685 2159 722 extorquere

323 736 452 774 volens,
475 733 675 767 verberibus
699 733 856 765 laniatam
881 731 1040 774 captione
1064 737 1260 764 retruserat.
1306 730 1413 763 Costa
1435 728 1678 763 Condomicita
1699 730 1735 762 in
1757 731 1923 763 famulatu
1946 732 2044 765 ducis
2066 731 2159 774 apud

326 788 472 820 Insulam
496 786 662 820 Crotoni²
686 784 928 822 detinebatur;
953 785 1019 821 cui,
1043 794 1119 815 cum
1145 782 1239 826 quod
1263 783 1441 816 acciderat
1456 782 1600 815 relatum
1626 783 1758 821 fuisset,
1773 782 1933 826 injuriam
1948 784 2044 817 aviae
2059 795 2162 827 repu-

323 847 398 873 tans
421 851 525 878 suam,
548 840 743 871 infirmitate
767 838 935 875 simulata,
958 837 1132 869 licentiam
1155 835 1325 869 redeundi
1349 836 1498 874 domum,
1531 845 1634 867 causa
1664 836 1864 875 curationis,
1895 847 1916 869 a
1946 836 2033 870 duce
2056 847 2162 880 expo·
2187 837 2226 868 10

323 904 433 931 scena,
464 893 583 936 vigilia
613 892 735 924 natalis
766 890 902 923 Domini
934 888 1056 922 Stilum
1087 899 1244 922 reversus
1275 895 1336 921 est.
1385 888 1500 927 Quem
1531 888 1731 932 stratigotus
1759 890 1896 922 venisse
1927 889 2078 930 audiens,
2108 890 2161 933 pi-

323 946 429 979 scium
452 945 516 978 sibi
540 945 661 978 exenia
683 955 746 987 per
770 943 934 976 famulum
958 943 1079 980 mittin
1104 942 1250 985 qualiter
1273 953 1308 974 se
1331 953 1388 974 res
1412 952 1494 985 erga
1503 942 1636 975 'ducem
1651 941 1813 981 habebat,
1828 943 1983 985 requirit.
2028 942 2103 982 Ille,
2119 953 2161 976 ac

327 999 354 1031 si
378 999 462 1031 nihil
485 999 565 1031 mali
588 998 797 1037 machinans,
820 998 872 1028 ira
895 996 1116 1034 dissimulata,
1142 995 1289 1039 'gratias
1311 996 1503 1028 remandat.
1550 995 1621 1029 Sed
1637 995 1732 1038 quod
1747 995 1860 1028 animo
1877 1001 2086 1038 conceperat
2098 996 2162 1028 mi-

327 1053 417 1084 nime
440 1052 573 1090 oblitus,
596 1058 774 1094 postquam
799 1055 987 1081 comestum
1011 1055 1072 1087 est,
1096 1048 1346 1092 potentioribus
1367 1048 1461 1081 urbis
1483 1054 1619 1082 secreto
1642 1049 1895 1087 circumventis,
1920 1049 1964 1081 de
1980 1048 2046 1082 sibi
2070 1047 2163 1081 illata
2277 1079 2280 1080 γ

325 1105 492 1148 aviaeque
515 1104 638 1147 injuria
661 1103 927 1147 quaerimoniam
959 1107 1116 1134 ostentat.
1162 1100 1298 1141 Quibus
1326 1101 1616 1144 respondentibus
1639 1101 1763 1134 merito
1786 1101 1851 1134 sibi
1874 1101 1956 1134 talia
1982 1101 2164 1140 accidisse,
2189 1100 2228 1134 15
2277 1099 2279 1103 ⁴

328 1177 369 1182 —-
392 1158 466 1191 eius
487 1157 659 1200 praesidio
683 1157 739 1189 vel
761 1162 834 1188 arte
858 1155 1013 1188 sciebant
1036 1156 1159 1188 ducem
1183 1174 1223 1178 -
1247 1154 1527 1188 excusationibus
1550 1155 1689 1187 minime
1711 1165 1802 1194 usus,
1830 1155 1917 1188 facti
1931 1166 1968 1188 se
1984 1155 2164 1198 poenitere

325 1222 489 1249 asserem,
502 1210 551 1243 uti
563 1209 766 1247 contulerat,
780 1208 826 1240 ita
839 1209 976 1241 auferre
993 1214 1202 1240 tentaturum
1218 1208 1400 1250 promittit,
1412 1207 1442 1240 si
1454 1207 1690 1241 tantummodo
1703 1207 1786 1251 ipsis
1797 1208 1950 1250 potiatur
1964 1207 2163 1241 auxiliariis.

328 1264 468 1307 Sicque‚
492 1274 511 1295 a
533 1262 687 1306 pluribus
709 1263 778 1295 fide
803 1267 957 1304 accepta,
988 1267 1095 1294 totam
1119 1267 1257 1293 noctem
1295 1261 1487 1293 insomnem
1519 1261 1660 1301 ducens,
1692 1271 1924 1304 quoscumque
1954 1266 2068 1304 potest
2097 1260 2164 1294 sibi

328 1317 474 1360 allegat:
498 1326 698 1359 summoque
723 1315 875 1347 diluculo
900 1326 977 1347 cum
1001 1325 1131 1354 omnes,
1156 1315 1214 1358 qui
1236 1315 1336 1347 huius
1359 1315 1412 1347 rei
1435 1314 1547 1358 ignari
1582 1320 1691 1353 erant,
1720 1320 1758 1347 ut
1789 1315 1864 1347 dies
1887 1315 1961 1357 ipsa
1991 1313 2165 1354 monebat,
2273 1343 2274 1346 ,

325 1370 361 1402 in
385 1370 530 1402 ecclesia
552 1369 617 1401 Dei
641 1368 800 1401 laudibus
824 1368 1039 1405 inservirent,
1062 1368 1135 1409 ipse
1160 1378 1238 1400 cum
1261 1369 1429 1401 tredecim
1452 1368 1543 1406 viris,
1560 1367 1685 1411 gladiis
1701 1378 1779 1400 cum
1796 1368 1892 1410 capis
1915 1367 2093 1407 accinctis,
2109 1378 2165 1400 re-
2187 1367 2231 1399 20
2255 1383 2273 1403 a

327 1423 440 1466 liquis,
463 1423 561 1466 signo
584 1421 676 1460 dato,
701 1427 733 1454 et
756 1432 776 1453 a
799 1420 931 1453 foribus
955 1421 1230 1463 expectantibus,
1255 1421 1300 1453 ad
1323 1427 1459 1463 portam
1482 1421 1618 1453 castelli
1640 1421 1824 1459 accedens,
1838 1420 1976 1464 janitor,
1992 1420 2041 1453 nil
2055 1420 2166 1463 suspi-

328 1482 435 1515 catus,
459 1476 555 1518 quasi
580 1481 661 1507 noto
684 1474 805 1517 aperit.
851 1474 913 1506 Ille
938 1485 1015 1506 cum
1037 1474 1141 1506 sociis
1164 1473 1362 1517 'ingressus,
1385 1474 1574 1516 hospitium
1605 1474 1776 1517 stratigoti
1800 1474 1918 1511 intrat3
1941 1484 2049 1514 arma,
2078 1483 2166 1517 quae

326 1528 468 1566 invenit,
493 1527 652 1570 corripit:
671 1537 787 1559 versus
804 1527 986 1559 ecclesiam
1002 1527 1219 1570 stratigotum
1242 1536 1502 1570 praeoccupare
1526 1526 1656 1566 volens,
1679 1526 1862 1559 citissimus
1885 1527 2046 1559 occurrit.
2091 1525 2167 1559 Un-

327 1581 433 1624 dique
457 1591 551 1623 ergo,
575 1581 773 1624 insurgente
798 1580 958 1618 clamore,
982 1580 1187 1623 stratigotus,
1211 1579 1348 1613 insidiis
1364 1580 1562 1622 compertis,
1578 1590 1641 1622 per
1657 1580 1842 1613 fenestram
1858 1580 2051 1623 prosiliens,
2067 1590 2167 1622 prae-
2302 1615 2303 1618 Ἴ

328 1634 448 1676 cipitio
472 1634 634 1676 dilapsus,
658 1634 739 1666 dum
762 1633 847 1676 fuga
870 1633 1042 1677 refugium
1066 1633 1165 1676 petit,
1189 1644 1209 1665 a
1232 1632 1377 1672 civibus,
1401 1632 1524 1676 quibus
1548 1633 1707 1665 omnibus
1738 1642 1860 1666 exosus
1890 1638 1976 1672 erat,
2006 1643 2165 1676 compre·
2188 1632 2231 1665 25
2256 1631 2266 1637 “

330 1688 455 1720 hensus
476 1687 664 1719 reducitur.
710 1686 814 1719 Costa
837 1685 1077 1719 Condomieita
1099 1705 1141 1709 —
1165 1686 1244 1730 quia
1268 1686 1544 1729 consanguineus
1571 1686 1643 1718 eius
1660 1691 1733 1719 erat
1749 1705 1788 1709 —
1806 1685 1945 1719 volente
1961 1686 1996 1719 ei
2010 1696 2166 1729 parcere,
2299 1685 2303 1694 ’

331 1752 352 1773 a
373 1741 503 1783 populo
526 1740 796 1773 condemnatur:
821 1740 938 1782 sicque
962 1750 1039 1772 cum
1061 1739 1243 1783 suppliciis
1265 1749 1396 1782 poenas
1419 1739 1527 1778 luens,
1551 1750 1572 1771 a
1603 1739 1727 1783 quibus
1756 1739 1846 1772 mala
1875 1740 2047 1778 intulerat,
2063 1739 2167 1783 pe'ri-

330 1794 431 1826 mitur
443 1806 452 1830 ;
476 1803 562 1836 quos
584 1793 798 1836 religaverat,
821 1793 1029 1831 liberantur;
1054 1804 1075 1825 a
1097 1793 1262 1826 fidelitate
1280 1793 1380 1826 ducis
1394 1794 1507 1835 palam
1524 1798 1738 1826 avertuntur.
1784 1792 1913 1836 Sicque
1928 1803 1992 1836 per
2006 1803 2068 1826 sex
2089 1792 2167 1826 fere

331 1857 438 1879 annos
459 1846 540 1879 duci
563 1846 709 1879 rebelles
730 1857 794 1889 per
816 1846 951 1879 diversa
973 1847 1052 1879 loca
1074 1846 1265 1886 Calabriae,
1290 1846 1334 1879 ab
1356 1846 1440 1890 ipsis
1461 1846 1610 1879 turbatio
1633 1846 1780 1889 plurima
1802 1847 1898 1879 facta
1922 1852 1984 1879 est.

417 1900 513 1932 Istud
525 1899 583 1933 hic
593 1899 821 1938 inscribimus,
834 1905 871 1931 ut
882 1906 1030 1932 caveant
1041 1900 1187 1942 praelati
1199 1900 1265 1932 sibi
1276 1899 1431 1933 subditos
1442 1899 1557 1943 pravis
1569 1899 1729 1932 ministris
1741 1910 1761 1932 a
1776 1910 1837 1932 sua
1852 1899 2020 1933 fidelitate
2035 1898 2166 1933 divelli.
2189 1899 2233 1932 30
2266 1895 2267 1898 '

417 1997 527 2030 XLV.
551 2018 592 2023 —
614 1997 694 2029 Dux
715 1997 832 2040 igitur,
856 1997 1104 2030 commeatibus
1127 2003 1163 2030 et
1186 1998 1334 2030 caeteris
1356 2007 1445 2041 quae
1476 1997 1691 2040 expeditioni
1718 1996 1956 2040 congruebant
1984 1995 2170 2039 apparatis,

330 2051 484 2090 fratrem,
507 2060 607 2093 quem
630 2050 865 2093 praemiserat,
888 2050 1101 2090 subsecutus,
1125 2051 1217 2093 apud
1241 2050 1457 2089 Cathaniam‚
1481 2050 1540 2083 ubi
1571 2060 1689 2083 comes
1718 2055 1803 2089 erat,
1834 2050 1939 2089 venit,
1969 2049 2102 2095 fingens
2131 2059 2168 2082 se

332 2103 476 2136 Maltam
499 2103 706 2136 debellatum
728 2103 791 2142 ire,
814 2103 912 2147 quasi
935 2104 978 2136 de
1002 2104 1173 2137 Panormo
1204 2114 1275 2136 non
1307 2114 1430 2136 curans
1440 2103 1462 2136 ³.
1510 2103 1581 2137 Sed
1612 2114 1632 2136 a
1661 2104 1771 2136 tratre
1801 2103 2012 2143 cohortatus,
2041 2112 2170 2147 magno

332 2158 495 2200 equitatu,
519 2167 597 2189 cum
620 2156 798 2189 navalibus
819 2157 1044 2200 peditumque
1067 2157 1176 2200 copiis
1198 2157 1242 2190 ab
1263 2158 1345 2191 inde
1368 2157 1609 2202 progrediens,
1635 2155 1841 2190 Panormum
1857 2156 1963 2196 venit,
1977 2156 2023 2189 ab
2038 2165 2170 2190 oceano
2256 2183 2273 2201 e,

331 2210 451 2243 urbem
474 2209 619 2242 navibus
641 2209 816 2248 obsidens,
839 2210 1052 2253 fratremque
1074 2210 1237 2243 comitem
1261 2221 1338 2243 cum
1369 2211 1420 2250 iis,
1447 2211 1507 2253 qui
1538 2210 1610 2243 eius
1640 2210 1820 2243 famulatui
1851 2209 2096 2250 inserviebant,
2124 2209 2170 2243 ab
2192 2207 2234 2242 35
2255 2203 2260 2240 f
2272 2219 2294 2255 'i

331 2273 399 2296 uno
422 2263 528 2296 latere
550 2268 715 2302 statuens,
737 2263 812 2305 ipse
837 2263 879 2295 ab
904 2263 1011 2296 altero
1034 2273 1143 2297 cornu
1166 2274 1244 2296 cum
1267 2263 1533 2296 Calabrensibus
1557 2269 1592 2297 et
1614 2263 1740 2306 Apulis
1761 2273 1875 2296 muros
1899 2262 2017 2297 ambit.

419 2315 546 2358 Sicque
569 2315 719 2358 quinque
741 2316 907 2348 mensium
932 2316 1061 2349 circulo
1083 2317 1199 2350 hostes
1220 2316 1316 2350 urbis
1339 2317 1553 2350 defensionis
1576 2317 1714 2350 fuerant
1728 2316 1951 2350 attentissime
1966 2316 2172 2361 pervigiles:

333 2370 418 2412 ipse,
440 2368 660 2401 nihilominus
680 2369 931 2412 impugnationi
948 2379 1025 2402 cum
1041 2370 1147 2403 fratre
1162 2370 1324 2409 intentus,
1340 2370 1533 2413 inquietare
1547 2370 1658 2413 ipsam
1673 2369 1876 2413 perstuduit.
1921 2369 2080 2413 Utrique,
2095 2369 2172 2413 pari

333 2422 456 2454 ardore
478 2421 686 2459 inflammati,
709 2431 779 2454 non
803 2427 939 2454 cessant
962 2422 1076 2455 omnia
1099 2423 1294 2463 circumire,
1316 2433 1396 2456 suos
1417 2424 1599 2464 instruere,
1622 2423 1737 2456 omnia
1759 2423 1934 2464 ordinare,
1948 2422 2105 2456 hostibus
2119 2422 2172 2455 in-

425 2540 447 2557 ι.
466 2531 590 2564 Scyllum
610 2533 637 2556 P
652 2532 699 2564 qun·
714 2540 728 2555 e
743 2531 809 2564 grim
828 2531 944 2557 Stilium
971 2534 994 2559 C
1010 2546 1021 2552 -
1038 2534 1096 2566 jam
1115 2535 1142 2558 B
1161 2548 1193 2552 —
1213 2541 1236 2558 2.
1257 2532 1434 2568 navigando]
1454 2534 1572 2567 navigio
1590 2534 1658 2558 Ρ-
1671 2541 1696 2567 3.
1715 2534 1809 2559 reddit
1821 2534 1856 2564 Ρς
1871 2534 1950 2559 dedit
1962 2535 1993 2559 D
2004 2547 2038 2552 —
2051 2541 2077 2566 4,
2089 2532 2179 2560 Palm.

334 2572 408 2607 gam]
427 2573 569 2607 Pelagrari
588 2574 653 2599 BD
671 2587 704 2592 —
723 2573 778 2606 6-7.
797 2575 891 2598 aviam
909 2573 1012 2599 Castae
1029 2583 1077 2600 om.
1096 2577 1163 2601 BD
1181 2589 1213 2594 —
1233 2576 1258 2601 8.
1276 2574 1424 2610 laniatam]
1444 2576 1595 2601 laceratam
1609 2578 1638 2601 D
1651 2590 1684 2595 —
1697 2585 1723 2609 9.
1737 2575 1883 2601 Cotronae
1896 2576 1963 2600 Ρ-
1978 2582 2019 2601 11.
2031 2573 2171 2609 reversus]

338 2617 479 2648 ingressus
497 2616 522 2639 P
538 2629 546 2634 -
566 2616 733 2640 straticotus
752 2617 779 2641 B
798 2629 830 2633 ——
853 2622 893 2640 12.
911 2618 1033 2641 enxenia
1051 2618 1079 2642 P
1095 2630 1128 2636 —
1149 2625 1190 2649 14.
1203 2619 1245 2643 est
1256 2626 1304 2643 om.
1320 2619 1348 2642 P
1358 2632 1391 2636 —
1407 2618 1447 2643 16.
1459 2619 1520 2643 elus
1534 2619 1677 2651 praesidlo
1687 2635 1695 2644 .
1707 2638 1712 2643 .
1724 2635 1731 2643 .
1742 2635 1750 2643 .
1763 2618 1861 2643 ducem
1873 2625 1923 2643 om.
1936 2618 1993 2642 PC
2004 2630 2014 2636 -
2029 2617 2100 2642 facti
2109 2634 2117 2643 .
2127 2634 2135 2643 .
2144 2633 2153 2643 .
2164 2636 2170 2643 .

338 2655 493 2691 poenitere]
513 2658 620 2690 factum
640 2658 749 2682 moveri
767 2658 832 2682 BD
852 2671 884 2676 —
905 2664 945 2691 17.
964 2659 1082 2683 auxiliis
1101 2660 1167 2684 BD
1190 2673 1223 2677 —
1245 2667 1285 2693 19.
1305 2658 1356 2694 rei]
1376 2662 1453 2685 modi
1474 2661 1538 2686 BD
1557 2674 1589 2679 —
1610 2668 1654 2686 20.
1666 2661 1771 2685 secondo
1783 2658 1858 2694 eum]
1872 2660 1924 2685 sub
1936 2659 2004 2683 Ρ-
2017 2666 2060 2692 ²3·
2073 2659 2170 2685 currit.

298 2707 312 2732 5
339 2701 368 2725 P
389 2712 421 2718 —
446 2706 488 2733 30.
506 2697 698 2733 inscribimus]
716 2700 747 2724 in
766 2701 914 2724 servitium
934 2701 1000 2724 BD
1019 2713 1050 2719 -—
1070 2708 1112 2733 32.
1132 2700 1270 2727 Catanam
1288 2703 1313 2726 P
1326 2703 1379 2728 cosi
1398 2711 1411 2726 s
1428 2706 1529 2735 sempr:
1549 2717 1582 2721 -
1603 2710 1645 2735 33.
1666 2711 1722 2727 non
1748 2700 1860 2736 curans]
1880 2702 2010 2727 diffidens
2029 2702 2059 2727 P
2073 2715 2106 2720 —
2129 2709 2172 2735 35.

340 2753 352 2759 -
363 2749 426 2766 cum
444 2742 496 2766 iis.
507 2758 531 2766 ..
543 2758 551 2766 .
570 2742 770 2770 inserviebant,
787 2749 837 2766 om.
857 2742 916 2767 PC
934 2755 967 2760 -
986 2741 1028 2774 36.
1047 2749 1111 2767 cum
1128 2751 1177 2768 om.
1197 2744 1225 2767 P
1240 2757 1272 2762 —
1293 2750 1335 2777 37.
1348 2745 1463 2770 fuerant
1474 2752 1523 2770 om.
1537 2746 1565 2770 P
1581 2759 1614 2764 -
1632 2744 1676 2777 38.
1694 2746 1729 2770 ab
1748 2744 1983 2778 impugnatione.
1994 2761 2002 2770 .
2013 2763 2018 2769 .
2029 2763 2036 2769 .
2048 2744 2173 2770 Intratus

340 2783 391 2807 cosi
408 2783 472 2808 BD
491 2796 499 2801 —
518 2784 610 2816 ipsam
627 2791 677 2808 om.
695 2784 723 2808 P
739 2797 772 2801 —
792 2791 833 2816 39.
853 2791 910 2808 non
929 2785 1039 2808 cessant
1056 2792 1104 2809 om⁴
1125 2786 1153 2809 P

428 2884 437 2901 ¹
455 2884 582 2910 Trattasi
601 2886 630 2910 di
649 2885 736 2917 Stilo,
755 2893 814 2911 non
834 2886 864 2911 dl
885 2885 975 2911 Scilla
987 2885 1143 2918 (enti-ambe
1162 2887 1228 2920 pero
1368 2887 1380 2905 ²
1398 2889 1490 2915 Credo
1509 2890 1559 2915 che
1578 2891 1620 2915 sia
1639 2890 1714 2915 Isola
1733 2889 1814 2923 Capo
1839 2890 1969 2922 Rizzuto,
1997 2889 2072 2914 neue
2097 2888 2175 2914 adla-

343 2927 373 2950 in
386 2934 465 2959 prov.
484 2928 514 2951 dl
532 2927 663 2960 Reggio),
683 2935 770 2959 come,
789 2928 864 2953 sulla
876 2930 969 2953 errata
982 2928 1094 2953 lezione
1106 2929 1151 2954 del
1165 2937 1228 2954 vec·
1282 2938 1363 2956 cenze
1383 2931 1411 2956 di
1432 2931 1559 2957 Coti-one
1577 2932 1669 2965 (prov.
1689 2932 1719 2957 di
1738 2931 1924 2964 Catanzaro).

286 2975 317 2993 xo
343 2967 407 2992 chio
419 2969 493 2993 testo
505 2969 714 3001 malaterriano‚
729 2970 826 2994 hanno
839 2970 955 2995 creduto
968 2970 1039 2995 tutti
1052 2970 1092 3001 gll
1107 2971 1226 2996 studiosi
1369 2971 1381 2988 3
1399 2974 1469 2998 Lur.
1490 2974 1644 3006 Pno'rosm,
1665 2975 1703 3000 ad
1720 2983 1780 2999 ann.
1803 2980 1884 3007 1071:
1907 2974 2029 3004 Amin-o,
2053 2972 2101 3003 VI,
2129 2979 2175 3006 143

344 3008 418 3033 della
436 3007 594 3041 Conquista
614 3018 781 3036 normanna.
1282 3013 1345 3038 Lao
1365 3014 1444 3044 Osr„
1461 3015 1511 3044 111,
1534 3014 1573 3040 16.
2205 3017 2257 3046 ¹51¹
