2320 3424
190 881 219 902 D,
236 885 274 900 100
282 886 296 899 v

184 1247 259 1269 Mun..
275 1247 312 1271 562

201 1671 225 1695 C,
241 1677 289 1695 '3²'

310 2849 342 2866 10

369 225 416 261 32
949 221 1222 259 GAUFREDI
1249 219 1629 256 MALATERRAE
2046 227 2098 263 [Α.
2119 229 2214 264 1062]

365 346 480 378 ciliam
506 345 663 378 certatim
686 351 795 386 parat.
841 343 937 386 Majo
960 344 1077 385 itaque
1099 342 1261 380 intrante,
1286 342 1365 379 dux,
1388 341 1433 374 ab
1455 340 1586 384 Apulia
1609 351 1687 373 cum
1710 342 1858 375 maximo
1883 343 2037 386 equitatu
2059 343 2212 386 Regium

364 399 515 437 veniens,
538 398 641 430 etiam
665 397 821 429 navalem
846 396 1036 428 exercitum
1059 405 1123 437 per
1139 404 1235 426 mare
1250 394 1367 426 venire
1384 394 1480 426 fecit.
1526 393 1705 426 Belcamet
1719 404 1814 434 vero,
1830 395 2042 429 admiraldus
2057 395 2212 436 Siciliae,

365 452 508 483 audiens
531 449 784 492 expeditionem
809 459 928 480 versus
950 447 1106 480 Siciliam
1130 447 1300 489 apparari,
1325 456 1442 486 naves,
1470 457 1556 489 quas
1578 448 1707 479 cattos¹
1731 447 1919 490 appellant,
1950 458 2040 492 quae
2062 449 2212 482 hostium

364 504 537 536 transitum
561 502 759 545 impediant,
784 513 803 534 a
827 502 999 534 Panormo
1019 502 1054 533 in
1071 499 1197 532 Fatum
1214 501 1360 538 mittens,
1377 509 1441 542 per
1456 500 1588 543 aliquot
1605 500 1679 533 dies
1702 501 1817 534 hostes
1839 503 1985 535 transire
2008 503 2212 546 impediunt.

363 557 463 594 Nam,
487 556 641 599 quamvis
663 561 781 587 noster
804 555 936 587 navalis
959 554 1135 586 exercitus
1158 553 1324 595 plurimus
1348 559 1449 592 esset,
1480 563 1598 585 eorum
1628 559 1744 586 tamen
1776 554 1924 598 amplior
1954 561 1989 588 et
2010 555 2214 589 fortioribus
2258 557 2276 589 5

363 610 506 643 navibus
529 608 759 641 abundantior
782 614 866 641 erat.
913 607 1034 641 Nostri
1057 608 1210 650 denique
1234 607 1474 639 tantummodo
1488 607 1699 650 germundos
1715 614 1749 640 et
1759 609 1894 651 galeas,
1911 608 2113 642 Sicilienses
2128 620 2213 643 vero

361 669 467 697 cattos
489 669 524 696 et
545 663 721 707 golafros,
743 663 806 695 sed
830 668 866 695 et
888 662 1091 694 dromundos
1114 667 1149 693 et
1173 661 1332 693 diversae
1355 660 1513 694 fabricae
1535 671 1641 694 naves
1662 661 1848 695 habebant.

449 761 511 793 IX.
538 779 577 784 —-
599 762 678 793 Dux
700 761 750 793 ita
772 760 838 792 sibi
860 761 1042 793 transitum
1066 758 1197 791 turbari
1220 757 1353 797 videns,
1378 769 1455 791 cum
1479 759 1570 791 frate
1594 760 1720 792 comite
1744 765 1780 792 et
1802 760 2014 803 sapientibus
2029 762 2211 803 exercitus,

362 820 508 856 accepto
533 814 690 852 consilio,
714 814 867 846 divinum
890 815 1033 846 invocat
1055 813 1230 845 auxilium.
1278 811 1469 850 Exercitui,
1492 817 1531 844 ut
1552 812 1794 845 sacerdotibus
1817 813 2047 846 confiteantur
2062 820 2108 853 et,
2124 825 2210 857 poe-

361 868 506 901 nitentia
528 868 720 909 suscepta',
744 878 861 900 omnes
884 867 1153 904 communicent,
1179 865 1319 903 indicit;
1344 865 1418 907 ipse
1443 877 1522 898 cum
1545 867 1667 904 fratre,
1690 866 1718 898 si
1740 872 1834 899 terra
1857 867 1978 900 divino
2000 867 2129 902 auxilio
2143 868 2211 902 illis
2238 870 2278 902 10

364 922 542 960 tribuatur,
565 931 640 954 sese
663 921 832 963 deinceps
855 921 931 953 Deo
956 920 1155 953 devotiores
1178 920 1313 951 futuros
1336 925 1417 952 voto
1440 920 1658 961 promittunt,
1685 926 1780 953 certa
1811 920 1880 953 fide
1911 921 1948 953 in
1978 926 2095 954 mente
2124 921 2210 955 reti-

362 981 485 1008 nentes
508 975 602 1018 quod
624 974 791 1016 scriptum
815 980 883 1007 est:
908 974 953 1006 In
975 973 1124 1005 omnibus
1147 973 1300 1015 negotiis
1322 973 1390 1005 tuis
1413 972 1509 1004 Deus
1532 973 1722 1016 adjutorem
1747 974 1811 1006 tibi
1838 984 1980 1014 assume,
2012 979 2047 1007 et
2074 974 2210 1008 habebis

363 1032 548 1073 prosperos
570 1029 710 1072 effectus.
756 1028 802 1060 Et
825 1028 905 1070 quia
930 1037 999 1059 non
1022 1033 1074 1059 est
1096 1026 1282 1059 consilium
1306 1032 1429 1059 contra
1460 1026 1655 1066 Dominum,
1686 1033 1721 1059 et
1751 1027 1846 1070 quod
1875 1027 1972 1060 nulla
2001 1028 2210 1070 proficiendi

361 1082 544 1116 difficultas
568 1088 630 1120 est,
654 1082 713 1115 ubi
737 1081 887 1124 Spiritus
933 1081 1083 1113 Sanctus
1107 1086 1315 1122 cooperator
1338 1080 1449 1119 adest,
1479 1080 1516 1111 in
1533 1080 1702 1120 omnibus,
1719 1091 1808 1124 quae
1824 1081 1945 1113 facere
1961 1081 2206 1124 disponebant,
2319 1125 2320 1128 Ἴ

362 1137 473 1169 Deum
497 1135 731 1168 ordinatorem
755 1141 790 1167 et
819 1134 1002 1167 fortiorem
1026 1134 1294 1177 gubernatorem
1326 1133 1532 1166 lacrimabili
1563 1134 1835 1177 compunctione
1865 1135 1984 1169 cordis
2012 1135 2209 1178 implorant.
2237 1136 2276 1169 15

449 1234 494 1267 X.
519 1253 560 1257 —
585 1233 711 1266 Comes
733 1234 850 1276 itaque
874 1232 1057 1276 Rogerius,
1082 1232 1206 1264 videns
1229 1232 1346 1264 hostes
1370 1243 1413 1264 ex
1439 1232 1548 1264 altera
1562 1233 1638 1275 ripa
1654 1239 1777 1266 contra
1792 1244 1890 1265 suum
1907 1233 2098 1266 exercitum
2113 1234 2212 1279 adja-

362 1298 442 1320 cere
465 1294 499 1320 et
522 1298 688 1330 nusquam
712 1285 923 1329 promoveri,
947 1285 992 1318 ad
1008 1285 1134 1318 callida
1151 1290 1365 1328 argumenta,
1381 1290 1420 1317 ut
1435 1285 1553 1318 solitus
1570 1292 1655 1323 erat,
1671 1296 1713 1319 ac
1730 1287 1759 1318 si
1777 1286 1930 1329 legisset:
1948 1286 2049 1329 ,Quid
2067 1286 2213 1331 refert?

361 1341 479 1374 Armis
493 1341 672 1384 contingat
683 1339 803 1383 palma
818 1339 954 1377 dolisve,
972 1339 1195 1377 convertitur,
1213 1338 1465 1382 consiliumque
1489 1338 1571 1372 duci
1595 1339 1709 1372 dedit:
1734 1346 1781 1378 ut,
1797 1339 1928 1373 ibidem
1950 1350 2030 1372 cum
2054 1340 2212 1374 exercitu

359 1405 552 1434 remanens,
575 1403 650 1426 sese
674 1393 829 1426 hostibus
853 1398 1058 1430 ostentaret;
1081 1393 1157 1434 ipse
1181 1392 1330 1431 interim,
1355 1402 1432 1424 cum
1450 1398 1589 1425 centum
1606 1393 1856 1436 quinquaginta
1872 1393 2036 1427 militibus
2056 1394 2209 1438 Regium

361 1459 468 1491 usque
489 1447 728 1491 progredienS,
751 1445 965 1488 navibusque
989 1445 1053 1478 sibi
1078 1446 1204 1478 abinde
1227 1446 1292 1479 sub
1315 1452 1486 1478 nocturna
1509 1445 1632 1478 umbra
1655 1447 1904 1485 contraductis,
1927 1458 2034 1487 mare,
2049 1448 2210 1482 nescien-
2234 1450 2277 1482 20

358 1502 450 1534 tibus
472 1501 639 1539 hostibus,
663 1500 845 1539 transiens,
870 1499 1027 1532 Siciliam
1050 1499 1242 1532 invaderet.
1289 1499 1387 1532 Duce
1413 1510 1507 1538 vero,
1532 1500 1654 1532 timore
1679 1500 1857 1533 amittendi
1881 1501 2036 1540 fratrem,
2059 1501 2128 1534 hoc
2151 1512 2211 1535 ne-

361 1561 465 1599 gante
489 1561 523 1587 et
545 1554 684 1587 dicente
708 1565 745 1586 se
768 1553 817 1585 nil
840 1564 905 1596 per
927 1553 1046 1585 fratris
1069 1559 1214 1586 mortem
1239 1553 1366 1585 lucrari
1390 1553 1492 1593 velle,
1516 1553 1577 1586 sed
1600 1553 1716 1596 potius
1739 1553 1858 1587 fratris
1881 1555 1987 1587 vitam
2002 1555 2097 1588 omni
2112 1555 2211 1589 lucro

362 1619 590 1651 praeponere,
613 1607 775 1651 Regium,
798 1607 994 1650 praemissis
1017 1606 1173 1645 navibus,
1196 1606 1269 1649 ipse
1293 1617 1409 1639 comes
1441 1618 1519 1640 cum
1549 1607 1716 1640 trecentis
1745 1607 1909 1640 militibus
1936 1608 2151 1648 subsecutus,
2173 1615 2212 1641 ut

361 1672 496 1705 semper
522 1661 643 1694 militia
658 1667 961 1704 praesumptuosus
977 1667 1012 1693 et
1027 1662 1244 1704 magnarum'
1260 1670 1373 1693 rerum
1392 1666 1587 1700 attentator,
1604 1672 1709 1700 mare,
1726 1661 1870 1695 incertis
1886 1661 2054 1702 hostibus,
2068 1662 2211 1706 impune

361 1715 541 1753 transiens,
565 1715 609 1747 ad
632 1715 758 1754 locum,
775 1715 832 1758 qui
848 1714 970 1747 Trium
986 1713 1238 1747 Monasterium
1253 1713 1264 1731 ²
1281 1714 1418 1753 dicitur,
1435 1714 1623 1757 applicuit‚·
1638 1724 1813 1757 navesque
1836 1715 2026 1755 remittens,
2049 1726 2094 1748 ne
2116 1717 2209 1749 forte
2232 1715 2274 1748 25

363 1768 487 1812 aliquis
510 1778 648 1801 suorum
671 1769 716 1800 ad
740 1767 816 1800 illas
839 1768 1028 1811 refugeret,
1058 1767 1255 1800 Messanam
1286 1774 1524 1812 oppugnatum
1548 1768 1656 1801 vadit.
1705 1767 1819 1806 Quam
1841 1768 2008 1801 inermem
2030 1768 2211 1802 inveniens

362 1841 405 1846 —-
428 1834 508 1855 nam
531 1823 732 1867 jamdudum
757 1822 962 1855 defensores
992 1822 1064 1854 eius
1093 1828 1292 1864 peremerat
1324 1841 1364 1845 —
1395 1821 1480 1854 urbe
1513 1828 1626 1864 capta,
1657 1828 1767 1855 turres
1795 1828 1830 1855 et
1851 1822 2117 1866 propugnacula
2138 1822 2211 1856 eius

362 1876 483 1909 diruit:
506 1887 593 1920 quos
614 1877 820 1908 invenerunt
843 1876 1047 1914 interfectis,
1070 1875 1277 1919 quibusdam
1301 1886 1384 1909 vero
1407 1877 1453 1909 ad
1477 1876 1740 1909 Panormitanas
1762 1886 1869 1909 naves
1892 1876 2210 1921 transfugientibus,

362 1940 452 1963 anno
475 1930 518 1962 ab
541 1930 780 1963 incarnatione
804 1930 943 1963 Domini
965 1929 1126 1972 MLX[I].

450 2027 512 2060 XI.
538 2045 578 2050 -
601 2028 695 2060 Inter
718 2037 804 2071 quos
827 2033 862 2060 et
884 2027 1023 2071 quidam
1044 2028 1182 2072 juvenis
1206 2029 1250 2061 de
1266 2028 1495 2061 nobilioribus
1511 2028 1695 2061 Messanae
1709 2027 1803 2060 urbis
1819 2028 1965 2068 civibus,
1982 2038 2135 2062 sororem
2149 2028 2211 2061 ha»
2233 2030 2276 2063 30
2314 2024 2320 2062 ἦ

362 2081 447 2114 bens
470 2081 746 2124 pulcherrimam,
770 2081 851 2115 dum
876 2081 1017 2125 fugiens
1039 2091 1156 2114 secum
1182 2082 1356 2114 adducere
1382 2082 1516 2114 nititur:
1541 2081 1669 2124 puella,
1685 2087 1724 2114 ut
1739 2081 1852 2114 tenuis
1865 2081 2082 2125 virguncula,
2098 2087 2135 2115 et
2149 2083 2211 2116 de-
2317 2076 2320 2077 ⁷

362 2135 439 2168 bilis
455 2141 606 2174 naturae,
629 2134 758 2167 laboris
781 2145 916 2178 expers,
940 2135 1065 2168 timore
1088 2141 1122 2167 et
1145 2135 1284 2168 insolito
1309 2146 1410 2168 cursu
1435 2136 1587 2169 deficere
1605 2135 1733 2178 coepit.
1779 2135 1904 2168 Frater
1919 2145 2014 2174 vero,
2030 2135 2077 2168 ad
2091 2135 2211 2180 fugam

364 2188 563 2221 dulcissime
584 2187 678 2220 illam
702 2188 816 2221 verbis
839 2188 1005 2227 excitans,
1029 2189 1110 2222 dum
1142 2189 1283 2221 minime
1313 2189 1462 2231 proficit,
1488 2188 1618 2222 viribus
1641 2189 1841 2222 exhaustam
1871 2189 2004 2229 videns,
2034 2200 2091 2229 ne,
2121 2189 2212 2223 inter

363 2241 582 2274 Normannos
598 2251 791 2281 remanens,
806 2240 850 2274 ab
866 2241 982 2284 aliquo
999 2253 1117 2275 eorum
1135 2248 1422 2285 corrumperetur,
1438 2242 1555 2286 gladio
1572 2247 1751 2285 appetens,
1768 2242 1957 2275 interfecit.
1993 2242 2039 2275 Et
2055 2242 2212 2285 quamvis

362 2306 445 2338 prae
469 2295 655 2328 dulcedine
670 2296 797 2328 sororis
820 2295 970 2327 lacrimis
991 2296 1260 2338 perfunderetur
1275 2315 1316 2319 -
1333 2296 1439 2329 unica
1455 2297 1546 2330 enim
1563 2302 1638 2329 erat
1652 2314 1694 2320 —-
1710 2295 1830 2329 maluit
1845 2296 1973 2329 sororis
1988 2296 2212 2340 interemptor
2233 2294 2275 2329 35

452 2416 476 2440 3.
495 2415 563 2440 quas
585 2406 599 2420 “
608 2408 744 2432 rocklllas
756 2426 769 2439 ,‚
790 2409 854 2434 BD
872 2422 905 2426 —
926 2407 951 2433 6.
969 2408 1183 2434 habundantior
1200 2411 1231 2434 in
1251 2411 1279 2434 P
1294 2410 1307 2433 ἐ
1327 2417 1404 2434 messa
1417 2411 1481 2442 dopo
1494 2410 1694 2435 tantummodo
1707 2423 1719 2429 -
1732 2409 1853 2441 denique
1867 2407 2078 2443 tantummodo]
2090 2416 2210 2442 namque

363 2452 474 2475 tantum
494 2450 545 2475 cosi
559 2451 624 2475 BD
637 2463 670 2468 —-
685 2455 709 2482 7.
728 2450 825 2475 kattos
844 2451 916 2481 1²63
936 2450 1055 2475 Kocleas
1073 2453 1102 2476 et
1119 2452 1185 2477 BD
1202 2465 1214 2470 -
1233 2453 1418 2477 Dormundos
1436 2453 1463 2476 P
1479 2466 1510 2470 —
1532 2451 1557 2477 8.
1576 2452 1718 2477 exercltus
1736 2459 1785 2477 om.
1804 2451 1863 2476 Po
1880 2465 1913 2470 —
1931 2459 1956 2484 9.
1975 2452 2084 2477 invitat
2100 2451 2161 2477 PG
2175 2465 2209 2471 —

368 2499 407 2524 15.
426 2495 454 2517 et
472 2500 521 2517 om.
540 2493 566 2516 P
580 2506 613 2511 —-
637 2499 676 2525 17.
696 2491 786 2526 Quid]
805 2493 847 2517 nll
866 2493 892 2517 B
905 2492 964 2517 CD
982 2506 1014 2511 ·—
1036 2493 1076 2518 18.
1097 2495 1258 2519 conformat
1276 2503 1325 2527 per
1343 2502 1422 2520 arma
1441 2495 1503 2520 doli
1522 2496 1566 2519 sui
1587 2496 1746 2520 conventus
1765 2495 1795 2519 D
1812 2507 1824 2512 -
1843 2495 1874 2518 ut
1894 2501 1964 2526 quos
1977 2495 2136 2528 temptaret,
2150 2495 2211 2528 lpse

365 2536 465 2559 iterum
484 2535 549 2559 BD
568 2549 600 2552 -—
622 2542 661 2568 19.
680 2537 793 2559 centum
813 2537 840 2559 et
858 2536 885 2559 P
899 2548 934 2553 —
952 2542 997 2560 20.
1015 2537 1166 2561 conductis
1187 2538 1213 2561 B
1238 2551 1270 2555 —
1297 2544 1339 2562 21.
1359 2537 1407 2562 sed
1426 2537 1523 2570 potius
1544 2537 1641 2562 fratris
1659 2545 1708 2562 om.
1726 2537 1792 2561 BD
1811 2550 1843 2554 -—
1863 2542 1905 2568 24.
1925 2544 1974 2569 per
1993 2536 2129 2562 militiam
2146 2537 2212 2562 BD

365 2590 373 2594 -
392 2578 548 2609 temptator
565 2577 629 2601 BD
649 2590 680 2595 -
701 2583 743 2609 ²5·
762 2575 892 2610 incertis]
910 2578 1040 2602 incautus
1059 2578 1086 2602 P
1099 2592 1109 2597 -
1128 2580 1175 2610 qui
1197 2581 1385 2605 communIter
1398 2579 1605 2604 Monasterium
1618 2580 1644 2603 P
1655 2591 1689 2598 —·
1702 2578 1745 2604 26.
1756 2580 1832 2612 ipsas
1847 2579 1912 2603 BD
1924 2591 1958 2597 —·
1972 2584 2014 2610 ²7.
2028 2579 2134 2604 dudum
2146 2579 2212 2604 BD

366 2633 398 2636 —-
419 2618 460 2644 28.
480 2620 557 2653 rupit
577 2619 604 2643 D
622 2633 654 2637 —
675 2626 716 2652 29.
736 2626 812 2644 anno
832 2619 914 2644 MLX
932 2620 965 2644 ab
992 2621 1198 2646 incarnatione.
1217 2622 1281 2646 BD
1299 2635 1333 2641 -
1353 2629 1394 2655 30.
1415 2622 1563 2647 nobilibus
1580 2622 1646 2647 BD
1664 2636 1696 2640 —
1716 2629 1758 2653 31.
1778 2620 1892 2653 virgula
1912 2622 2010 2647 BCD
2028 2635 2062 2640 —
2081 2627 2124 2655 3²·
2142 2628 2210 2646 vero

364 2669 412 2686 om.
432 2662 458 2685 P
473 2675 506 2679 -—-
525 2669 566 2694 33.
586 2661 667 2685 illam
686 2669 735 2686 om.
753 2662 779 2685 P
793 2674 805 2680 -
824 2669 858 2686 ne
877 2669 925 2686 om.
945 2662 1007 2685 BD
1027 2675 1059 2680 —
1078 2667 1120 2694 35.
1141 2664 1291 2688 dulcedine
1311 2665 1460 2697 languor1s
1480 2665 1588 2689 sororis
1605 2664 1656 2689 cosi
1676 2664 1702 2688 P

456 2758 463 2775 ¹
485 2761 581 2791 Cattos,
599 2759 727 2792 gulafra-r,
752 2761 911 2784 aramundos
929 2767 1001 2784 sono
1028 2761 1160 2785 vocaboll
1186 2764 1258 2795 pret·
1314 2764 1433 2788 Annales
1451 2763 1553 2794 Pisani,
1567 2763 1597 2788 ln
1611 2763 1650 2788 M.
1666 2764 1698 2788 G.
1712 2763 1746 2787 H:
1761 2762 1824 2791 SS„
1838 2763 1894 2787 vol.
1907 2763 1982 2794 XIX,
1996 2769 2056 2795 231.
2092 2763 2133 2788 La
2147 2769 2216 2788 voce
2243 2767 2275 2796 ¹⁵

367 2803 490 2826 tamente
511 2802 600 2826 arabi.
1311 2805 1476 2836 germandos
1495 2805 1605 2829 sembra
1623 2804 1774 2828 all’Amari
1795 2811 1832 2828 un
1853 2804 2059 2828 travisamento
2080 2801 2104 2835 (1
2129 2803 2214 2828 codd.

458 2843 544 2868 Cattos
554 2844 651 2869 dex-iva
667 2845 741 2869 forse
752 2844 787 2869 da
802 2845 914 2875 Kuta’a,
928 2845 986 2874 che,
998 2845 1120 2869 secondo
1132 2846 1261 2876 l'Amari,
1317 2854 1388 2871 sono
1407 2847 1544 2871 concordi
1566 2847 1640 2871 sulla
1660 2844 1782 2878 lezione)
1796 2846 1824 2870 di
1839 2847 2005 2877 dermundos,
2019 2844 2079 2870 ch'e
2091 2846 2150 2871 alla
2163 2853 2214 2871 sua

367 2886 438 2916 vale,
458 2886 714 2916 indistintamente,
728 2887 802 2919 tegni
814 2895 831 2911 o
844 2887 906 2911 vele.
935 2886 1017 2912 Oltre
1031 2888 1080 2912 che
1094 2889 1124 2912 ln
1135 2888 1183 2917 M..
1197 2896 1261 2920 que·
1317 2890 1397 2914 volta
1417 2890 1584 2915 corruzione
1604 2889 1634 2914 di
1647 2890 1779 2914 dromone.
1815 2887 1844 2913 Si
1859 2888 1970 2922 guardl,
1983 2895 2000 2913 a
2013 2890 2175 2922 proposito,
2190 2888 2213 2913 11

368 2930 408 2950 ste
428 2929 490 2952 voci
512 2930 534 2952 si
560 2930 684 2953 trovano
704 2930 872 2954 latinizzate
897 2931 925 2953 in
952 2930 1025 2954 altre
1050 2930 1189 2954 cronache
1209 2938 1262 2955 me·
1325 2931 1488 2956 Glossarium
1508 2932 1553 2957 del
1574 2932 1731 2960 Ducanaa,
1752 2930 1807 2956 alle
1826 2932 1890 2956 voci
1911 2931 2049 2956 suddette.

368 2969 509 2994 dioevali:
530 2968 588 2994 cosi
608 2974 692 2995 cattos
712 2972 785 3003 negli
807 2972 926 2996 Annales
944 2971 1093 3003 lanuemes,
1114 2972 1145 2996 in
1164 2972 1202 2997 M.
1231 2973 1263 2998 G.
1407 2972 1418 2989 ²
1436 2974 1628 2999 Tremestieri.
1657 2974 1779 3005 ΑΜΛτο,
1794 2974 1827 3003 V,
1844 2973 1884 3005 16,
1898 2973 1960 2998 dice
1973 2973 2022 2997 che
2035 2972 2048 2986 “
2061 2979 2091 2997 se
2103 2979 2214 2998 rescon·
2242 2981 2277 3000 20

372 3011 409 3035 H.
428 3010 486 3040 SS„
506 3012 563 3036 vol.
582 3012 682 3043 XVIII,
701 3019 766 3044 3107.
782 3014 912 3046 golafros
923 3014 957 3037 ed
971 3020 1076 3038 ancora
1089 3017 1173 3038 cattos
1188 3015 1265 3046 negli
1322 3015 1441 3040 “dirent
1460 3024 1493 3040 en
1515 3024 1552 3040 un
1573 3016 1629 3041 lieu
1649 3017 1698 3048 qui
1716 3023 1745 3040 se
1765 3016 1854 3040 clame
1873 3015 2021 3040 Calcare
2034 3032 2056 3047 ,,.
