2320 3424
111 221 196 258 [ΔΑ.
216 221 414 256 1052-10531
484 216 556 251 DE
583 215 753 252 REBUS
781 215 959 252 GESTIS
989 215 1203 252 ROGERII
1232 215 1445 252 COMITIS
1472 215 1587 252 ETC.

119 292 1949 299 ...................................................................................................................................................................................................

197 338 307 371 Ροιτο
330 338 521 371 Umfredus
543 336 794 380 Abagelardus,
818 348 906 371 nece
927 339 1045 371 fratris
1066 339 1232 378 turbatus,
1255 340 1421 372 honorem
1444 338 1509 372 sibi
1531 337 1722 376 vindicans,
1739 345 1862 378 castra,
1878 349 1965 382 quae

113 392 222 425 frater
243 392 456 435 possederat,
478 391 631 428 insiluit3
656 390 954 434 Normannosque‚
978 392 1036 435 qui
1060 393 1252 435 periculum
1275 393 1472 425 traditionis
1495 398 1687 431 evaserant,
1710 392 1776 425 sibi
1799 391 1963 436 alligans‚'

112 445 149 478 in
171 445 358 479 vindictam
382 445 556 477 fraternae
579 444 677 477 necis
700 444 856 488 insurgit,
879 445 1057 488 multoque
1081 452 1236 488 tempore
1261 451 1421 484 castrum,
1443 447 1480 478 in
1502 456 1570 489 quo
1594 446 1703 479 frater
1725 457 1805 478 suus
1829 445 1963 478 occisus

29 531 32 532 γ
112 499 238 537 iuerat,
261 508 476 543 oppugnans,
498 498 638 531 tandem
660 498 813 536 devicit3
838 498 1027 541 fratrisque
1050 500 1345 543 interemptorem,
1358 493 1436 532 cum
1452 499 1518 532 sibi
1533 499 1805 538 assentientibus,
1822 499 1964 532 diversis

71 551 90 585 5
114 551 323 585 cruciatibus
345 551 508 589 afficiens,
532 562 649 585 eorum
672 551 837 595 sanguine
860 551 945 583 iram
969 558 1005 583 et
1027 551 1182 585 dolorem
1205 553 1322 585 cordis
1345 553 1395 585 sui
1419 552 1668 596 aliquantulum
1693 553 1846 586 extinxit.

203 649 300 682 XIV.
324 668 366 673 —
390 648 598 692 Apulienses
621 658 714 686 vero,
730 648 878 680 necdum
894 648 1133 682 traditionibus
1150 650 1318 689 exhausti,
1334 660 1397 692 per
1413 650 1567 683 occultos
1583 651 1717 693 legatos
1732 661 1862 683 nonum
1876 650 1966 683 Leo-

115 713 195 735 nem
219 702 458 745 apostolicum,
483 709 518 735 ut
540 702 578 734 in
601 701 762 745 Apuliam
787 712 865 734 cum
890 702 1046 735 exercitu
1069 703 1197 740 veniat,
1229 704 1384 741 invitant,
1416 703 1573 736 dicentes
1603 703 1766 747 Apuliam
1796 704 1862 736 sibi
1891 705 1966 748 jure

117 761 317 798 competere
343 755 399 794 'et,
422 756 727 799 praedecessorum
751 766 888 788 suorum
912 755 1137 798 temporibus,
1164 757 1249 800 juris
1278 756 1461 789 Ecclesiae
1485 757 1664 790 Romanae
1688 757 1794 790 fuisse
1809 757 1831 795 ¹,
1854 768 1891 790 se
1914 757 1965 790 illi

116 808 279 842 auxilium
303 810 446 848 laturos;
473 810 691 842 Normannos
706 809 874 847 imbelles,
890 808 1020 841 viribus
1036 819 1191 846 enerves,
1207 820 1351 842 numero
1368 820 1508 852 paucos.
1554 811 1628 848 Ille,
1644 817 1681 843 ut
1697 811 1833 849 assolet,
1845 820 1968 854 quam-

54 862 94 894 10
117 862 169 894 vis
190 863 474 905 prudentissimus
496 869 596 901 esset,
619 862 805 896 ambitione
829 868 962 905 captus,
984 861 1253 894 Alamannorum
1277 863 1432 895 exercitu
1448 863 1491 895 ab
1509 864 1720 905 Imperatore
1737 864 1804 896 sibi
1819 865 1854 896 in
1871 864 1968 908 adju-

19 912 34 928 '¹‘
117 915 205 948 torio
228 922 376 959 accepto
389 916 413 955 ²,
436 917 616 949 confidens
630 917 665 948 in
681 916 809 948 auxilio
825 915 1148 960 Longobardorum,
1164 914 1325 958 Apuliam
1340 917 1456 948 intrat.
1503 916 1627 949 Comes
1642 927 1727 949 vero
1743 917 1969 957 Humstedus,

117 968 184 1002 sibi
208 970 384 1002 honestius
408 971 539 1003 ducens
562 970 676 1012 potius
699 980 777 1002 cum
800 970 932 1002 honore
955 969 1061 1002 vitam
1085 969 1182 1001 finire
1207 980 1308 1012 quam
1336 980 1412 1001 cum
1430 970 1604 1003 dedecore
1629 970 1769 1012 privari,
1794 976 1967 1003 commoto

118 1023 284 1061 exercitu,
297 1023 462 1056 audacter
478 1022 633 1056 hostibus
649 1023 812 1062 occurrit,
830 1023 1057 1066 ordinataque
1074 1022 1151 1055 acie
1167 1033 1316 1062 suorum,
1330 1029 1506 1055 certamen
1523 1023 1647 1061 iniens,
1665 1034 1742 1056 cum
1759 1024 1869 1066 primo
1886 1034 1970 1056 con-

14 1113 19 1116 ,
118 1086 240 1119 gressu
262 1077 411 1115 fortiter,
435 1083 473 1109 ut
495 1077 615 1110 solitus
638 1082 722 1115 erat,
746 1086 850 1119 agere
868 1076 1050 1118 coepisset,
1065 1075 1301 1119 Longobardi‚
1317 1076 1438 1115 territi,
1450 1077 1535 1119 fuga
1551 1077 1685 1119 seipsos
1700 1078 1789 1110 tueri
1805 1078 1969 1114 nituntur,

11 1148 29 1172 ,42
58 1128 96 1160 15
119 1128 322 1162 Alamannis
352 1130 386 1162 in
409 1130 541 1172 proelio
563 1130 705 1163 relictis.
751 1129 833 1168 Qui,
866 1140 943 1163 cum
975 1129 1114 1162 fortiter
1137 1129 1354 1168 dimicarent,
1378 1130 1510 1162 nullum
1533 1130 1706 1174 refugium
1734 1131 1799 1163 nisi
1815 1131 1849 1162 in
1866 1131 1970 1162 armis

118 1181 298 1223 habentes,
330 1183 541 1216 Normannis
566 1183 796 1220 vincentibus,
812 1193 903 1226 pene
918 1193 1039 1216 omnes
1062 1183 1312 1216 occubuerunt.
1358 1182 1594 1225 Apostolicus‚
1618 1184 1700 1227 fuga
1724 1184 1815 1216 vitae
1838 1184 1969 1228 asylum

121 1241 299 1277 expetens.
321 1237 411 1269 intra
433 1237 553 1271 urbem
577 1236 780 1279 provinciae
804 1237 1043 1278 Capitanatae,
1066 1246 1156 1279 quae
1178 1237 1327 1270 Civitata
1351 1236 1490 1275 dicitur,
1515 1247 1590 1269 sese
1618 1238 1785 1280 profugus
1801 1238 1936 1279 recepit
1947 1236 1970 1268 ³.

103 1287 237 1328 *Quem
252 1290 368 1322 hostes
384 1290 614 1333 insequentes,
632 1296 762 1322 armato
785 1290 893 1322 milite
917 1290 1094 1322 obsident:
1118 1299 1264 1333 aggeres
1286 1295 1438 1332 portant,
1462 1290 1741 1323 machinamenta
1764 1290 1824 1323 'ad
1846 1291 1967 1323 urbem

121 1341 328 1384 capiendam
352 1349 486 1385 parant,
508 1343 642 1376 incolas
663 1343 764 1376 minis
785 1348 929 1381 terrent,
953 1349 989 1375 ut
1015 1343 1244 1386 apostolicum
1267 1344 1426 1377 reddant.
1473 1343 1526 1375 Illi
1550 1353 1645 1382 vero,
1668 1350 1706 1376 ut
1728 1354 1866 1386 semper
1892 1353 1970 1386 per-

122 1395 286 1433 fidissimi,
317 1396 412 1429 nulla
440 1396 601 1439 pactione
633 1396 678 1429 ad
709 1397 894 1430 utilitatem
925 1396 1118 1439 apostolici,
1149 1397 1215 1429 nisi
1237 1402 1276 1429 ut
1298 1407 1335 1429 se
1358 1398 1454 1439 ipsos
1476 1402 1665 1435 tuerentur,
1689 1397 1867 1440 exquisita,
1892 1406 1970 1429 eum

120 1458 184 1491 per
205 1455 325 1492 portas
339 1449 479 1482 eiciunt.
527 1448 642 1487 Quem
659 1450 775 1482 hostes
790 1449 1028 1492 suscipientes,
1052 1449 1098 1482 ob
1120 1450 1352 1482 reverentiam
1377 1449 1527 1483 Sanctae
1550 1450 1730 1482 Romanae
1756 1450 1868 1488 Sedis,
1893 1461 1971 1482 cum

122 1511 247 1545 magna
270 1503 457 1535 devotione
481 1503 553 1535 eius
575 1503 826 1545 provolvuntur
841 1503 999 1545 pedibus,
1024 1504 1160 1535 veniam
1185 1509 1220 1535 et
1242 1503 1524 1536 benedictionem
1544 1503 1617 1535 eius
1633 1503 1855 1546 postulantes.
1901 1503 1973 1535 Sed

123 1562 158 1588 et
181 1566 288 1599 usque
311 1556 357 1588 ad
379 1556 469 1595 loca,
493 1555 616 1599 quibus
640 1557 816 1589 exercitus
839 1562 954 1589 castra
977 1562 1012 1589 et
1034 1557 1183 1590 tentoria
1205 1557 1338 1595 fixerat,
1355 1567 1432 1589 cum
1449 1557 1542 1589 omni
1559 1557 1752 1589 humilitate
1769 1557 1818 1588 illi
1842 1557 1972 1589 servire

122 1610 257 1642 executi
288 1616 377 1642 sunt.
436 1609 594 1648 Quorum
625 1609 812 1653 legitimam
842 1609 1123 1643 benevolentiam
1154 1610 1207 1642 vir
1236 1610 1458 1653 apostolicus,
1489 1616 1666 1654 gratanter
1696 1611 1897 1652 suscipiens,
1929 1610 1971 1642 de

124 1662 267 1695 offensis
289 1662 541 1706 indulgentiam
564 1669 598 1695 et
620 1663 899 1696 benedictionem
915 1663 1074 1702 contulit,
1091 1669 1126 1696 et
1142 1673 1279 1696 omnem
1294 1669 1434 1702 terram,
1451 1674 1554 1706 quam
1570 1669 1795 1706 pervaserant
1819 1669 1851 1695 et
1874 1674 1973 1706 quam

121 1716 263 1749 ulterius
285 1727 404 1748 versus
428 1715 622 1749 Calabriam
655 1722 690 1748 et
721 1715 873 1749 Siciliam
898 1716 1024 1749 lucrari
1047 1722 1200 1759 possent,
1223 1717 1268 1750 de
1290 1717 1404 1750 sancti
1427 1717 1523 1750 Petri
1546 1717 1752 1749 haereditali
1777 1717 1883 1749 feudo
1908 1716 1974 1748 sibi

123 1776 158 1802 et
180 1769 386 1802 haeredibus
409 1770 479 1802 suis
501 1770 744 1812 possidendam
769 1770 940 1803 concessit
963 1771 1057 1803 cirea
1079 1780 1187 1803 annos
1210 1770 1357 1813 MLII[I]
1372 1771 1396 1803 ⁴.

11 1396 97 1427 20

57 1663 99 1695 25

210 1867 291 1900 XV.
305 1886 344 1891 —
362 1858 603 1910 Apostolicum
619 1868 736 1911 itaque
753 1868 900 1900 Romam
917 1868 1172 1912 regredientem
1190 1857 1306 1902 comes
1322 1868 1545 1907 Humfredus,
1562 1879 1741 1913 quousque
1757 1869 1824 1901 sibi
1835 1869 1976 1911 placuit,

216 2014 241 2033 2.
259 2009 432 2041 perditionis
452 2009 478 2033 Β
495 2022 528 2027 -
548 2016 573 2041 3.
593 2015 741 2042 assurgens
761 2009 853 2034 multo
871 2010 934 2034 BD
953 2022 962 2027 -
983 2010 1013 2033 in
1032 2017 1080 2034 om.
1100 2010 1128 2034 P
1139 2009 1163 2034 C
1174 2022 1206 2027 -
1220 2018 1245 2042 4.
1260 2011 1557 2042 interemptorem.
1570 2007 1805 2042 assentientibus]
1819 2009 1975 2033 occisorem

127 2059 188 2076 cum
208 2052 373 2083 sequacibus
393 2052 456 2076 BD
474 2065 506 2070 —
527 2059 551 2085 5.
570 2051 667 2084 fratris
687 2052 745 2076 suis
763 2052 790 2076 B
809 2065 841 2070 —-
861 2059 885 2083 9.
904 2053 985 2076 viros
1003 2052 1145 2077 inhermes
1165 2052 1227 2076 BD
1246 2065 1278 2070 —-
1302 2059 1391 2077 10-11.
1410 2053 1467 2077 sibi
1486 2053 1517 2077 in
1538 2053 1713 2086 adjutorium
1732 2060 1780 2076 om.
1799 2051 1861 2075 BD
1881 2065 1914 2068 —
1937 2058 1976 2074 ιι.

125 2095 238 2126 recepto
257 2094 284 2118 P
298 2107 308 2112 -
326 2094 449 2126 Apuliae
461 2095 551 2119 terras
570 2095 660 2119 intrat
679 2095 743 2120 BD
761 2107 794 2112 —-
816 2101 856 2119 11.
875 2094 1046 2119 Humsredus
1065 2102 1114 2119 om.
1128 2095 1156 2119 P
1167 2107 1201 2112 ——
1217 2101 1302 2127 12-13.
1315 2095 1370 2120 Ναί
1380 2096 1453 2120 codd.
1473 2095 1537 2127 dopo
1551 2095 1687 2119 dedecore
1699 2101 1776 2126 segue
1790 2095 1850 2118 vita
1865 2094 1977 2121 comite,

127 2138 258 2168 suscepto
275 2137 392 2166 honore,
410 2137 458 2162 clue
476 2144 528 2161 non
547 2137 581 2161 ιίὰ
598 2137 678 2161 alcun
695 2144 768 2162 senso
785 2150 819 2156 —
841 2144 879 2169 14.
893 2145 922 2162 se
936 2138 1003 2170 suga
1015 2138 1088 2162 tueri
1103 2139 1263 2170 coepissent
1283 2138 1345 2162 BD
1365 2151 1398 2156 —
1420 2137 1508 2169 15-16.
1526 2138 1667 2169 refugium
1687 2138 1718 2161 in
1733 2138 1827 2165 armis,
1841 2137 1978 2160 Norman-

81 2183 96 2210 ς
127 2179 174 2203 nis
191 2179 240 2204 cos)
260 2179 325 2204 BD
343 2192 376 2197 -
398 2178 437 2204 16.
458 2179 598 2204 auxilium
618 2179 681 2204 BD
698 2193 732 2197 —
754 2185 794 2212 17.
813 2178 951 2205 cimitata
970 2181 1010 2210 1²3
1031 2179 1138 2210 Civita,
1160 2181 1222 2204 BD
1241 2194 1273 2199 —-
1295 2179 1335 2205 18.
1355 2181 1390 2205 ad
1404 2181 1500 2205 urbem
1520 2181 1554 2204 da
1573 2181 1623 2211 qui
1633 2180 1786 2204 ricomz'ncia
1805 2179 1829 2203 A
1850 2192 1860 2196 -
1880 2181 1911 2202 ut
1929 2186 1978 2202 om.

129 2221 226 2246 PBD
243 2235 276 2240 —
297 2227 338 2246 20.
358 2221 500 2254 adquisita
518 2222 546 2246 P
563 2235 596 2240 —
616 2228 658 2246 21.
676 2220 768 2255 Sedis]
786 2221 910 2246 Ecclesie
931 2222 1007 2251 BD;
1027 2222 1170 2246 Ecclesiae
1189 2223 1234 2247 vel
1254 2222 1334 2247 Sedis
1353 2236 1389 2240 —
1407 2229 1449 2247 22.
1469 2223 1664 2247 devolvuntur
1685 2222 1747 2246 BD
1766 2235 1798 2239 —
1820 2227 1910 2252 22-23.
1925 2220 1978 2244 Sed

127 2265 156 2288 et
173 2271 221 2288 om.
239 2264 302 2288 BD
321 2277 354 2281 —
374 2270 415 2296 ²3-
434 2271 490 2296 quo
510 2265 538 2288 P
555 2277 563 2282 -
583 2261 673 2297 omni]
694 2271 796 2296 magna
814 2264 853 2293 B;
873 2263 1002 2289 utilitate
1015 2264 1043 2289 D
1056 2277 1066 2283 -
1081 2266 1249 2290 servitutem
1263 2265 1291 2289 D
1303 2278 1336 2284 —
1351 2271 1394 2298 24.
1408 2264 1538 2294 Quorum
1551 2266 1664 2289 demum
1684 2264 1895 2288 oboedientiam
1916 2263 1979 2287 BD

129 2318 162 2323 -
182 2310 225 2337 ²5·
245 2306 275 2330 ln
295 2313 406 2330 omnem
425 2306 488 2330 BD
506 2321 539 2325 —
559 2311 600 2337 27.
620 2307 696 2331 circa
714 2313 806 2331 annos
826 2305 935 2331 MLDII
953 2314 1002 2332 om.
1020 2306 1084 2331 BD

1 2439 10 2456 ²
69 2454 101 2472 ιο

71 2665 102 2694 15

6 2885 17 2891 ·'
70 2880 106 2899 20

124 2406 172 2439 IX,
195 2407 254 2440 158.
291 2408 314 2433 Il
335 2408 372 2433 M.
393 2410 513 2442 registra
532 2409 661 2434 soltanto
681 2408 709 2433 la
734 2410 825 2434 morte
844 2409 974 2434 violenta
996 2409 1029 2438 di

125 2450 269 2483 Drogone,
291 2458 305 2475 e
318 2451 407 2476 lascis.
420 2451 597 2476 intravedere
610 2452 638 2476 la
651 2451 856 2483 sollevazione,
877 2452 959 2484 quasi
977 2459 1023 2484 ge-

125 2493 229 2522 nerale,
249 2493 322 2518 delle
341 2493 530 2526 popolazioni
550 2494 673 2527 pugilesi
693 2496 795 2519 contro
810 2496 818 2519 i
834 2495 877 2525 N.y
893 2494 1023 2527 parecchi

127 2536 172 2560 dei
191 2535 268 2568 quali
289 2536 437 2561 dovettero
456 2544 546 2561 essere
565 2536 656 2561 allora
676 2538 849 2562 massacrati.

217 2576 224 2593 ¹
244 2577 271 2602 A
290 2578 441 2611 proposito
459 2578 498 2603 es.
521 2578 590 2603 Acta
607 2581 633 2603 et
656 2580 768 2610 scripta,
791 2586 858 2610 quae
877 2579 908 2603 de
926 2581 1025 2603 contro·

125 2620 220 2645 verritu
227 2619 458 2653 Ecatestaegrecae
466 2624 492 2645 et
500 2621 600 2646 latinae
610 2622 712 2646 saeculo
729 2621 866 2646 undecimo
885 2621 1026 2653 composita

127 2665 227 2691 munt,
245 2663 287 2687 ed.
302 2663 391 2692 Wru,
405 2671 432 2696 p.
451 2661 495 2688 86.
514 2663 608 2688 Leone
620 2662 660 2688 IX
674 2671 763 2688 aveva
776 2665 947 2689 certamente
960 2671 1026 2697 pen·

129 2704 192 2728 nato
210 2710 227 2728 a
246 2704 370 2728 cacciare
384 2705 392 2728 l
407 2703 565 2729 Normanni
585 2704 698 2729 almeno
712 2704 757 2729 dal
770 2705 921 2729 territorio
935 2704 963 2729 di
978 2704 1026 2729 Be-

130 2747 262 2772 nevento.
298 2745 339 2771 La
358 2748 450 2771 morte
475 2746 504 2771 di
525 2747 661 2779 Drogone
675 2753 767 2771 venne
782 2747 818 2772 ad
832 2746 926 2771 offrire
939 2748 967 2771 ai
981 2747 1027 2771 Bi-

128 2789 238 2812 zantini
257 2787 428 2813 l'occasione
447 2788 631 2813 d’intendersi
652 2789 698 2812 col
719 2795 792 2822 papa
813 2795 862 2822 per
876 2787 1028 2814 un’azione

131 2837 250 2855 comune
269 2833 373 2855 contro
394 2832 401 2855 i
421 2831 594 2855 Normannl.

218 2870 229 2888 ²
242 2871 353 2904 Retenta
365 2873 548 2897 Romanorum
561 2873 731 2906 Pontificum,
746 2873 815 2898 ediz.
830 2872 929 2906 ῙΑΡΡΕ,
949 2880 1029 2907 4290,

131 2921 210 2947 4295,
229 2915 307 2947 4²98.
344 2914 431 2940 Gun..
451 2915 552 2944 Avus„
571 2914 606 2944 11,
627 2914 728 2948 83·84:

214 2988 359 2996 .....
375 2973 535 2994 comitantibus
550 2973 610 2994 hunc
625 2975 665 2997 (sc.
682 2974 792 3000 Leonem>
806 2974 940 2995 Alemannis
976 2968 979 2971 ¹

214 3007 341 3027 innumeris
358 3009 380 3027 et
395 3007 536 3028 Teutonicis.

1171 2407 1181 2423 ³
1200 2409 1322 2439 ΑΜΑτο,
1341 2409 1388 2441 111,
1415 2408 1463 2441 36:
1483 2409 1522 2434 La
1544 2409 1618 2437 Cim:
1639 2408 1701 2433 Lao
1721 2407 1854 2437 Osrnm„
1872 2407 1907 2436 11,
1927 2406 1979 2438 840,

1077 2452 1180 2477 Aison.
1199 2452 1278 2481 BAR„
1297 2452 1334 2476 ad
1344 2460 1409 2477 ann.
1427 2458 1501 2485 1053.
1528 2452 1610 2477 Nelle
1624 2452 1775 2476 adiacenze
1788 2450 1978 2474 dell'odierna

1079 2495 1106 2520 S.
1125 2496 1216 2520 Paolo
1234 2495 1264 2520 di
1285 2493 1423 2525 Civitate,
1443 2496 1487 2520 sul
1507 2495 1660 2519 Tavoliere
1680 2495 1708 2518 di
1729 2493 1831 2525 Puglia
1850 2500 1980 2517 avvenne

1080 2539 1108 2563 la
1127 2537 1237 2563 famosa
1255 2538 1397 2570 battaglia
1416 2538 1462 2562 del
1484 2537 1516 2562 18
1535 2538 1642 2569 giugno
1665 2543 1739 2568 1053.
1776 2533 1847 2559 Pete>
1862 2534 1979 2560 l’antica

1080 2580 1208 2605 civitate
1227 2587 1346 2613 sorgeva
1359 2580 1390 2605 in
1405 2577 1572 2612 pressimita
1586 2579 1661 2603 della
1675 2578 1838 2602 confluenza
1852 2577 1897 2601 del
1911 2577 1979 2601 For-

1080 2624 1142 2647 tore
1161 2629 1215 2647 con
1236 2623 1264 2647 la
1288 2622 1397 2647 Statua.
1435 2621 1482 2647 Cf.
1507 2622 1553 2646 Da.
1578 2622 1702 2649 Btasus,
1728 2623 1766 2651 op.
1792 2620 1850 2647 cit..
1877 2620 1934 2644 vol.
1958 2618 1982 2649 Ι,

1082 2670 1150 2696 ²4²3
1169 2662 1246 2694 Gar,
1264 2666 1304 2696 op.
1325 2664 1382 2693 cit..
1402 2671 1429 2696 p.
1449 2669 1508 2696 457,
1532 2671 1558 2687 n.
1579 2671 1603 2694 4.

1169 2703 1180 2722 ⁴
1201 2703 1310 2733 Questa
1329 2706 1516 2730 concessione
1535 2703 1549 2729 ὲ
1570 2704 1682 2728 riferita
1702 2703 1764 2727 solo
1790 2703 1837 2726 dal
1858 2702 1896 2727 Μ.
1934 2702 1981 2726 Ma

1080 2749 1186 2781 troppo
1198 2747 1393 2779 rapidamente
1406 2748 1462 2779 egli
1478 2748 1500 2771 si
1514 2746 1642 2771 sofferma
1657 2745 1731 2770 sulla
1745 2746 1880 2777 glornata
1891 2745 1921 2769 di
1933 2744 1981 2770 Ci-

1082 2792 1186 2816 vitate:
1207 2791 1244 2815 cf.
1265 2790 1386 2815 l’ANoN.
1407 2791 1486 2819 Bm...
1507 2790 1618 2814 Amare
1631 2796 1646 2813 e
1660 2788 1723 2812 Lao
1743 2787 1876 2818 Osa-mu„
1895 2795 1981 2821 sopra

1082 2834 1145 2862 cit.;
1166 2831 1250 2858 Guu..
1271 2832 1372 2862 Apus„
1391 2832 1425 2861 ΙΙ,
1449 2839 1496 2865 175
1516 2839 1591 2863 sgg.;
1612 2831 1795 2855 HERIMANN1
1815 2829 1981 2855 Auoumsxs

1086 2875 1240 2906 Chronlcon,
1261 2876 1289 2899 in
1309 2874 1346 2900 Μ.
1374 2875 1404 2900 G.
1422 2875 1457 2899 H.
1471 2873 1532 2904 SS.‚
1546 2875 1623 2897 tomo
1638 2873 1671 2901 V,
1689 2878 1752 2904 132;
1768 2873 1903 2897 wissam-1
1922 2872 1982 2897 Vita

1082 2917 1186 2946 LeonIs,
1206 2917 1235 2942 in
1256 2917 1411 2949 Patrolagra
1429 2916 1524 2946 latina,
1544 2917 1564 2939 t.
1578 2914 1703 2943 CXLIII,
1718 2921 1778 2946 492,
1790 2914 1825 2944 11,
1839 2919 1869 2946 7:
1884 2914 1983 2939 Axon.

1082 2961 1202 2989 anv„
1223 2961 1252 2984 in
1272 2960 1396 2987 Bonam,
1415 2958 1541 2982 Memor-ie
1559 2957 1669 2981 stortche
1687 2956 1758 2980 della
1775 2957 1840 2982 crud
1853 2957 1885 2981 at
1900 2957 1984 2982 Beru-

1082 3005 1169 3030 vento,
1188 3001 1288 3033 Roma,
1312 2999 1387 3033 1763,
1401 3000 1434 3029 11.
1449 2998 1509 3031 318.
1542 2999 1717 3031 Comunque,
1734 2998 1830 3023 l’anno
1843 2998 1857 3023 ὲ
1872 2999 1891 3023 ll
1910 3004 1983 3031 1053.

2007 2499 2040 2525 25

2011 2707 2045 2733 30

2013 2919 2044 2946 35

2041 767 2070 789 D,
2088 772 2134 790 ⁹3²²
