2314 3418
3 204 16 234 ³
55 201 73 282 'ff
127 240 211 276 unx.
230 239 426 275 mnan-1³1
497 234 570 270 DE
596 232 766 271 REBUS
794 232 972 270 GESTIS
1000 230 1217 268 ROGERn
1245 231 1456 268 COMITIS
1484 228 1599 268 ETC.
1923 225 1966 264 ω

59 345 81 389 J·
122 362 228 391 totam
252 356 407 390 Siciliam
429 367 494 399 pro
516 355 618 390 libitu
640 366 703 390 suo
727 356 971 390 ventilandam.
1017 355 1095 388 Tali
1119 361 1285 399 tantoque
1308 360 1478 399 urguente
1495 353 1682 395 desiderio,
1697 363 1788 386 anno
1804 351 1973 384 incarnati

123 409 234 444 Verbi
256 409 478 449 MLXXIHI,
500 411 536 442 in
567 416 684 443 monte
714 410 934 444 calataxibet
962 416 1108 443 castrum
1141 410 1302 449 firmavit,
1333 409 1429 452 quod
1451 407 1617 441 militibus
1641 413 1676 440 et
1703 406 1854 449 reliquis,
1886 416 1974 449 quae

64 459 82 501 ’ᾗ
122 463 317 497 necessaria
340 469 448 502 erant,
473 463 642 503 muniens,
666 463 1005 507 Castrum-johannis
1026 463 1286 495 infestissimum
1310 462 1479 495 redditur.

209 568 306 602 V111.
329 586 371 592 -
395 567 556 601 Airicani
581 578 664 612 ergo
689 569 864 607 Saraceni,
888 569 933 602 de
957 568 1091 601 familia
1114 568 1206 612 regis
1227 568 1368 600 Temini
1382 567 1402 605 ¹,
1427 579 1468 600 ex
1491 568 1564 600 eius
1588 567 1716 606 edicto,
1739 566 1883 600 navibus
1913 578 1974 610 pa-

67 611 101 667 5
122 622 216 660 ratis,
238 621 428 664 piratarum
452 631 559 660 more,
582 622 661 655 vela
684 622 795 655 ventis
818 622 1084 660 committentes,
1107 621 1280 653 maritima
1303 621 1403 653 litora
1428 620 1570 653 Siciliae
1603 626 1637 652 et
1668 619 1849 653 Calabriae
1871 619 1970 652 'insi-

66 666 86 723 ’,ξ
122 674 255 708 diatum
277 675 420 707 vadunt.
467 675 607 719 Sicque,
629 676 725 720 junio
748 685 877 714 mense,
893 675 927 706 in
944 675 1062 718 vigilia
1080 674 1197 707 Sancti
1214 674 1319 713 Petri,
1336 674 1430 716 apud
1447 674 1627 706 Nicotrum
1644 673 1688 706 de
1706 679 1809 706 nocte
1825 672 1975 716 appulsi,

70 723 91 764 ζ
124 729 221 761 cives
242 728 403 761 incautos
426 734 471 768 et,
494 739 578 771 prae
602 729 732 772 gaudio
754 728 912 760 instantis
935 727 1171 767 solemnitatis,
1195 727 1278 759 vino
1301 737 1344 760 ex
1367 737 1463 759 more
1487 737 1676 770 somnoque
1691 733 1863 770 gravatos,
1886 727 1974 758 irru-

79 786 97 826 ξ’
125 786 222 814 entes
245 781 456 824 opprimunt,
479 781 702 814 semisomnes
725 781 812 814 alios
835 782 1020 823 perimunt,
1045 781 1130 813 alios
1154 780 1306 823 capiunt,
1337 780 1428 822 ipsos
1459 780 1562 812 etiarn
1594 790 1720 822 pueros
1751 791 1829 812 cum
1857 779 1977 811 mulie-

77 843 92 870 4
107 856 109 859 .
122 833 228 873 ribus,
251 835 413 877 omnique
436 834 668 877 suppellectili
690 834 833 867 vehibili
857 834 1022 876 praedam
1046 833 1192 866 navibus
1216 834 1396 870 inducunt,
1420 838 1636 875 castrumque
1668 837 1778 865 totum
1810 833 1974 866 incendio

70 900 83 936 j,
123 893 398 927 concremantes,
421 887 551 931 remige
578 888 786 927 accelerato,
801 887 837 919 in
854 887 961 919 altum
977 887 1156 920 recedunt.
1202 887 1242 918 In
1259 886 1456 921 crastinum,
1471 885 1567 927 ripae
1583 886 1742 928 proprius
1758 886 1975 925 accedentes,

83 933 89 939 ὃ
121 951 249 984 pueros
271 945 306 973 et
328 941 589 974 imbecilliorem
613 941 781 974 familiam
795 940 914 973 amicis
930 940 1103 973 redimere
1120 939 1326 978 volentibus,
1342 939 1454 982 pretio
1470 945 1627 981 accepto,
1643 939 1787 971 navibus
1802 940 1976 977 eicientes,

68 997 76 1002 '⁷
122 993 249 1037 partim
272 999 522 1032 exonerantur-3
545 993 711 1037 reliquos,
735 994 794 1037 qui
817 993 964 1026 alicuius
986 992 1140 1025 utilitatis
1155 992 1375 1031 videbantur,
1391 992 1581 1024 adducunt.
1628 992 1756 1036 Sicque
1772 992 1850 1024 vela
1866 992 1975 1024 ventis

123 1046 388 1084 committentes,
410 1046 541 1088 patrios
563 1056 676 1090 agros,
699 1046 792 1079 unde
816 1051 994 1084 venerant,
1018 1045 1100 1078 laeti
1123 1045 1274 1078 revisum
1297 1045 1454 1078 tendunt.

209 1152 272 1186 IX.
295 1171 337 1176 —-
359 1152 463 1186 Anno
486 1162 568 1186 vero
591 1152 840 1185 incarnationis
861 1151 1001 1184 Domini
1022 1151 1210 1189 MLXXV,
1234 1151 1314 1194 quia
1337 1152 1372 1182 in
1403 1152 1630 1194 praecedenti
1662 1162 1751 1185 anno
1781 1162 1845 1195 pro
1875 1152 1975 1185 libitu

77 1207 81 1215 ⁴
121 1204 187 1238 sibi
210 1206 352 1238 favente
374 1205 468 1248 apud
490 1205 673 1238 Nicotrum
696 1214 861 1247 prospere
886 1210 1096 1243 accurrerat,
1112 1205 1190 1247 plus
1206 1205 1401 1236 necessario
1418 1204 1582 1246 cupidine
1599 1204 1763 1237 avaritiae
1778 1204 1975 1243 insolentes,

74 1263 85 1294 g·
106 1258 232 1291 >simile
256 1258 320 1291 sibi
342 1258 484 1292 evenire
506 1258 636 1290 frustra
657 1258 734 1296 rati,
758 1257 904 1291 navibus
919 1257 1081 1296 ascensis,
1096 1267 1216 1290 versus
1231 1257 1400 1290 'Siciliam
1416 1257 1590 1290 fortunam
1607 1263 1774 1290 tentatum
1790 1258 1977 1301 'navigant-

14 1306 17 1310 ‘
67 1305 76 1340 s
97 1313 104 1322 ”
121 1311 341 1354 Insulamque
370 1311 674 1344 circumcurrendo
689 1316 872 1349 tentantes,
889 1311 1030 1343 tandem
1045 1311 1140 1352 apud
1155 1310 1342 1343 Mazariam
1359 1310 1497 1353 appulsi
1513 1317 1602 1343 sunt.
1650 1311 1804 1344 Navibus
1820 1312 1977 1356 digressi,

63 1367 88 1402 -Ῐ
122 1363 254 1404 urbem,
277 1374 404 1408 magna
427 1364 462 1397 vi
485 1370 734 1409 oppugnantes,
757 1364 973 1407 irrumpunt3
997 1369 1148 1396 castrum
1173 1369 1300 1402 autem,
1333 1364 1426 1407 quod
1457 1364 1549 1397 infra
1581 1370 1665 1404 erat,
1696 1364 1835 1397 fortiter
1865 1366 1976 1407 impu-

74 1422 85 1459 ῥ’
122 1417 316 1462 girantibus,
339 1428 403 1461 per
425 1423 507 1451 octo
529 1417 607 1451 dies
629 1417 791 1451 obsident
803 1417 826 1450 ².

213 1469 339 1504 Comes
361 1481 458 1510 vero.
479 1481 544 1513 Per
565 1471 716 1514 legatum
737 1477 917 1513 comperto
940 1476 1091 1504 castrum
1114 1480 1262 1513 suosque
1287 1469 1444 1503 hostibus
1467 1470 1634 1508 infestari,
1665 1471 1755 1503 clam
1788 1471 1831 1503 de
1862 1477 1975 1508 nocte,

82 1560 86 1569 Σ
114 1529 255 1558 'armata
277 1534 380 1557 manu
404 1528 552 1556 castrum
575 1523 758 1568 ingressus,
781 1533 914 1556 summo
937 1523 1092 1556 diluculo
1117 1533 1180 1565 per
1202 1528 1322 1566 portas
1336 1533 1576 1565 prorumpens,
1593 1534 1671 1556 cum
1689 1523 1786 1556 hoste
1803 1523 1839 1556 in
1861 1524 1977 1566 platea

90 1611 91 1614 ,
117 1576 218 1610 urbis
242 1583 321 1610 ante
344 1576 523 1610 castellum
546 1577 783 1620 congreditur,
806 1576 1014 1619 fortiterque
1037 1586 1082 1608 ex
1113 1585 1210 1608 more
1242 1576 1390 1619 agendo,
1422 1576 1533 1609 victor
1564 1576 1721 1614 efficitur,
1750 1576 1975 1620 pluribusque

74 1630 84 1670 ’ξ
123 1630 322 1673 peremptis,
345 1630 496 1673 reliquos
519 1629 706 1674 fugientes,
730 1635 902 1663 extremos
926 1639 1082 1672 quosque
1104 1639 1212 1672 usque
1237 1629 1272 1661 in
1288 1639 1382 1661 mure
1400 1630 1640 1672 prosequitur:
1658 1629 1823 1668 Mazafia,
1842 1629 1977 1662 comitis

95 1696 97 1698 ’
123 1683 335 1722 strenuitate,
357 1682 403 1716 ab
425 1683 578 1716 hostibus
601 1683 746 1726 eripitur
756 1682 780 1715 ³.
826 1682 1073 1716 Gemebundus
1095 1693 1211 1715 rumor
1234 1693 1254 1714 a
1278 1682 1408 1725 paucis,
1432 1683 1491 1726 qui
1514 1688 1705 1721 evaserunt,
1722 1683 1868 1715 Africae
1892 1694 1978 1714 nun-

79 1728 96 1760 ἕ
123 1737 240 1770 fiatur.
285 1735 415 1779 Sicque
438 1735 592 1769 rotabilis
614 1736 766 1776 fortuna,
788 1735 950 1768 homines
971 1735 1083 1778 primo
1106 1735 1282 1778 prosperis
1302 1735 1523 1769 successibus
1545 1735 1745 1776 alludendo,
1762 1735 1899 1768 illectos
1915 1745 1976 1778 spe

124 1789 277 1833 priorum
300 1794 484 1822 eventuum
507 1789 675 1832 deceptos
698 1789 786 1822 risit.

90 1930 105 1941 ³
212 1895 259 1929 X.
282 1914 324 1920 —
347 1895 472 1929 Comes
493 1906 589 1936 vero,
612 1895 818 1940 quibusdam
840 1895 1104 1929 necessitatibus
1127 1906 1164 1929 se
1188 1895 1404 1936 vocantibus,
1429 1907 1449 1928 a
1481 1896 1603 1929 Sicilia
1633 1907 1752 1929 versus
1783 1896 1976 1929 Calabriam

94 1986 95 1990 Ἰ
125 1948 335 1994 digrediens.
358 1949 497 1993 Hugoni
520 1950 564 1982 de
589 1949 749 1987 Gircaea‚
772 1949 842 1988 cui,
865 1955 1009 1992 propter
1030 1949 1280 1989 strenuitatem,
1304 1960 1406 1992 quam
1434 1948 1584 1982 habebat
1599 1968 1640 1972 -—
1657 1961 1735 1983 nam
1753 1955 1788 1982 et
1802 1951 1975 1992 praeclari

84 2011 110 2050 J·
124 2002 262 2047 generis
284 2013 306 2035 a
327 2002 582 2036 Cenomanensi
604 2003 786 2046 provincia
809 2009 884 2036 erat
907 2021 949 2027 —
972 2013 1050 2036 cum
1074 2002 1144 2035 filia
1166 2013 1228 2036 sua
1251 2003 1296 2036 de
1319 2003 1435 2045 priore
1450 2013 1559 2035 uxore
1587 2003 1791 2036 Cathaniam
1821 2002 1978 2041 dederat,

85 2053 97 2088 ,ἒ
123 2060 233 2090 totam
257 2055 411 2089 Siciliam
435 2056 641 2089 servandam
665 2055 852 2100 delegavit,
874 2055 1089 2089 interdicens
1111 2067 1167 2094 ne,
1190 2056 1220 2088 si
1235 2056 1436 2095 Bernarvet‚
1454 2056 1534 2098 quia
1549 2055 1698 2088 vicinius
1714 2056 1779 2089 sibi
1796 2055 1977 2100 Syracusis

81 2118 105 2151 ,ι’
126 2107 333 2147 morabatur,
357 2108 507 2152 aliquem
529 2109 704 2142 incursum
726 2119 846 2142 versus
867 2119 904 2142 se
927 2109 1072 2148 faceret,
1096 2108 1244 2143 callidas
1266 2109 1339 2142 eius
1361 2109 1529 2142 versutias
1551 2119 1689 2148 cavens,
1706 2119 1873 2152 nusquam
1891 2109 1975 2142 urbe

84 2164 100 2209 [ᾗ
126 2161 338 2207 digrediens,
361 2161 492 2195 hostem
515 2168 792 2206 persequeretur.

81 2305 84 2306 ⁷
219 2285 241 2303 ι.
253 2279 428 2312 urguenti?
438 2291 471 2297 —
485 2285 540 2311 2-3.
558 2279 693 2311 reliquis.
704 2297 712 2304 .
722 2295 747 2304 ..
766 2277 858 2314 eraut]
871 2279 953 2305 rebus
973 2280 1140 2305 necessariis
1159 2281 1189 2305 D
1207 2293 1241 2297 —
1260 2287 1285 2312 4.
1304 2279 1351 2310 de]
1369 2287 1385 2304 a
1403 2280 1464 2305 PC
1481 2293 1490 2298 -
1504 2277 1631 2313 Temini]
1645 2279 1762 2304 Tunlcli
1777 2280 1815 2309 P;
1829 2279 1940 2304 Timira
1956 2281 1980 2304 C

79 2323 98 2342 2¹-
130 2332 164 2340 -
181 2326 237 2353 4-5.
254 2318 374 2355 paratls]
394 2328 443 2354 per
462 2328 537 2346 mare
554 2321 615 2347 PC
634 2334 666 2340 —
687 2328 711 2354 5.
730 2321 819 2346 litora
837 2329 934 2347 versus
952 2321 1083 2348 SIcfflam
1103 2323 1132 2347 et
1151 2320 1316 2347 Calabriam
1333 2321 1391 2347 PC
1409 2335 1442 2341 —
1461 2321 1485 2347 6.
1504 2319 1608 2355 sancti]
1628 2322 1705 2346 beati
1719 2322 1767 2346 P·
1788 2322 1821 2346 de
1835 2319 1928 2355 nocte]
1943 2328 1976 2346 eo

83 2364 92 2397 ,”
130 2361 198 2388 lude
221 2376 254 2381 —
279 2362 334 2396 7·8.
354 2364 492 2388 irruentes
505 2371 554 2388 om.
571 2364 600 2389 Ρ
617 2377 650 2382 -—
672 2370 712 2395 ιφ
731 2363 879 2390 MLXXIV
898 2366 929 2390 D
947 2378 980 2382 -
1002 2370 1043 2397 15.
1061 2364 1228 2390 Nicoterum
1241 2381 1302 2390 ....
1322 2364 1464 2389 acciderat
1483 2364 1547 2396 plus
1567 2364 1665 2389 debito
1685 2364 1824 2388 avaritiae
1843 2364 1977 2396 cupidine

82 2408 102 2442 Jss
129 2404 181 2431 Μ
197 2406 229 2431 D
245 2418 279 2424 —
299 2411 341 2438 17.
360 2406 473 2431 tandem
491 2407 567 2440 apud
584 2414 634 2431 om,
653 2407 683 2431 D
701 2419 734 2424 —
756 2406 840 2440 1849.
861 2407 1087 2440 repugnantibus
1107 2408 1135 2431 P
1151 2421 1184 2426 —-
1205 2413 1245 2440 23.
1265 2414 1352 2439 usque
1369 2414 1418 2432 om.
1439 2408 1467 2431 P
1484 2420 1492 2425 -
1513 2404 1638 2440 comitis]
1658 2407 1738 2431 ducis
1757 2406 1818 2431 PC
1833 2419 1844 2425 -
1864 2406 1977 2430 Mazara

25 2447 39 2482 ξ’
83 2452 105 2475 ,ἓ
130 2444 160 2472 P
173 2448 253 2479 qnasi
265 2450 367 2480 tempu
387 2461 420 2467 -
440 2454 481 2480 24.
500 2448 582 2473 hoste
600 2448 626 2472 Ρ
642 2461 674 2466 -
694 2454 736 2480 27.
755 2449 944 2474 avocantibus
961 2449 991 2474 P
1007 2463 1040 2468 —
1060 2447 1103 2474 28.
1122 2449 1271 2482 Hugonem
1290 2450 1319 2474 P
1334 2461 1347 2468 -
1372 2446 1503 2482 Glrcaea]
1531 2448 1663 2481 Giysecta
1675 2447 1706 2481 (?)
1732 2449 1762 2472 D
1787 2461 1819 2466 -—
1847 2454 1889 2480 ²9·
1915 2455 1977 2472 cum

29 2525 31 2529 ‚
91 2521 93 2523 ι
107 2483 111 2489 ’
131 2485 260 2515 mnu...
277 2489 393 2515 dederat
404 2497 453 2515 om.
466 2490 494 2515 Ρ
505 2503 514 2508 -
534 2489 688 2515 Cathinam
706 2491 735 2515 D
752 2504 785 2510 -—
805 2497 848 2523 30.
867 2491 1033 2524 Syracusiae
1053 2492 1083 2516 D
1094 2490 1142 2524 (St
1158 2491 1248 2515 noum
1266 2490 1290 2515 Ie
1307 2491 1382 2516 varie
1403 2491 1499 2515 leston!
1514 2491 1558 2514 dei
1575 2491 1646 2515 codd.
1660 2490 1806 2522 Syracusa,
1819 2490 1978 2522 Syracusis,

30 2538 38 2548 ⁴
87 2530 94 2554 1‘
103 2537 108 2565 ³:
131 2528 283 2564 &rmum
300 2539 314 2556 e
331 2530 506 2564 Syracusae,
524 2532 663 2564 caeperat·
682 2531 920 2565 indisttntammte)

216 2631 227 2650 ²
246 2633 268 2659 Ε
288 2634 310 2659 11
330 2642 359 2660 re
378 2633 489 2660 Temin.
1077 2638 1145 2660 tanc
1164 2636 1211 2661 dal
1232 2638 1327 2669 tempo
1346 2636 1423 2661 della
1442 2635 1602 2668 Conqulsta
1623 2642 1798 2660 normanna:

32 2696 42 2712 s.
218 2672 231 2692 ⁸
247 2675 319 2701 ιω.
338 2676 533 2708 Ριοτοεητ.,
552 2677 591 2701 ad
607 2685 667 2702 ann.
684 2675 760 2710 1076,
773 2676 900 2702 ricorda:
917 2676 931 2690 ⁴⁴
941 2676 1026 2702 Com·
1251 2686 1330 2710 sognu
1344 2685 1427 2706 risortu
1442 2692 1455 2705 a
1470 2685 1535 2706 savni
1551 2685 1625 2705 simui

32 2714 45 2741 ‘1'
88 2740 101 2749 .,
123 2713 310 2751 4*μ’ῑῑιοιιιιιι
327 2719 370 2744 ent
389 2718 506 2750 quidam
525 2725 614 2751 nepos
634 2718 765 2744 Africani
780 2720 853 2752 regi:
870 2726 886 2744 a
899 2718 1025 2751 Rogerlo
1305 2720 1324 2740 Α
1340 2719 1425 2740 zocchu
1441 2719 1475 2739 fici
1492 2719 1513 2739 lu
1529 2719 1596 2739 Conti
1613 2718 1713 2743 Ruazeri

36 2745 38 2764 ζ’
78 2748 99 2782 's'
132 2757 244 2786 “flatu
261 2761 342 2786 ducis
361 2761 489 2792 Robertl,
509 2761 559 2794 qul
578 2763 707 2794 praeerat
733 2761 860 2791 Siclliae,
885 2769 949 2786 cum
977 2768 1028 2794 ¹50
1304 2753 1412 2791 Am'urusi
1428 2752 1450 2772 ‘¹⁵
1466 2752 1534 2773 C‘ffli
1548 2758 1561 2771 θ
1575 2751 1598 2771 ‘¹¹
1614 2752 1635 2772 ¹²¹
1653 2751 1697 2789 ¹²³¹}

91 2798 147 2835 ξ’ῑζ.
155 2802 276 2828 navibus
290 2804 320 2828 in
334 2804 454 2829 civitate
466 2803 595 2828 Mazarla
606 2821 630 2835 „.
668 2801 740 2828 Pero
753 2805 853 2836 questa
866 2803 1027 2828 tradlzione
1306 2787 1376 2807 Unna
1390 2792 1403 2806 a
1417 2788 1577 2810 quattrucentu
1592 2785 1691 2805 cavaien

34 2833 47 2887 J
131 2848 190 2869 non
209 2845 350 2870 concorda
367 2852 422 2870 con
442 2845 470 2869 la
488 2841 540 2878 pli:
558 2845 732 2875 autorevole.
751 2845 888 2870 rlsalente
905 2845 933 2870 al
953 2844 991 2870 M.
1252 2831 1320 2851 σεῖ’
1334 2836 1347 2850 ¹³
1362 2831 1469 2850 Mazzara
1485 2832 1541 2850 ‘³¹⁸¹
1556 2830 1659 2849 ⁵³³⁰¹¹¹¹

1306 2864 1397 2884 Muarta
1410 2863 1460 2883 sulu
1475 2868 1558 2883 srzava
1573 2862 1587 2882 li
1602 2862 1706 2883 banneri.

218 2883 231 2903 ⁸
249 2886 294 2912 Un
314 2887 484 2913 frammento
499 2887 527 2912 di
548 2889 633 2913 canto
653 2887 791 2922 populare
809 2887 948 2912 sicillano
967 2889 1027 2913 trae
1306 2896 1346 2917 eci
1362 2897 1384 2916 ιι,
1402 2898 1437 2916 ’na
1451 2901 1546 2920 gamm
1562 2895 1670 2915 simimvi
1685 2895 1743 2918 diri:

36 2944 51 2963 ἡ,
75 2914 302 2963 siwinus
319 2929 399 2963 dagli
418 2931 612 2955 svvenlmentl
633 2937 666 2955 su
685 2930 804 2955 narrati.
840 2929 951 2955 leattl
963 2936 1026 2956 esso
1307 2930 1367 2950 Persi
1385 2930 1482 2952 Muarm.
1500 2935 1511 2948 e
1526 2935 1553 2948 cu
1570 2928 1668 2948 'vinciuz
1687 2929 1794 2954 Ruggeri.

47 2990 51 3009 ζ
84 2966 111 3004 ’ῳ
125 2969 245 2997 ’ricord-
263 2970 406 3005 mmmm
425 2972 470 2998 del
490 2973 574 2998 conte
586 2971 732 3005 Rugglero
746 2980 762 2997 a
776 2970 950 2997 Manui-ate
962 2979 1028 3006 pro-
1080 2972 1112 2997 In
1131 2971 1167 2998 G.
1187 2971 1286 3003 Pri-ns,
1314 2972 1464 2997 Biblioteca
1491 2972 1563 2996 delle
1587 2971 1735 2996 tradizioni
1753 2973 1886 3003 populari
1910 2972 1977 2998 Sici-

39 3009 51 3041 3
90 3033 111 3057 Ἦ,
131 3011 227 3039 bubus
243 3013 294 3039 che
311 3013 339 3040 la
357 3021 408 3040 sua
420 3014 635 3047 composlzlone
649 3021 708 3039 non
724 3014 844 3040 rlmontl
858 3014 950 3039 molto
963 3013 1028 3040 lon·
1080 3014 1161 3047 tiana,
1183 3015 1240 3040 vol.
1259 3013 1308 3045 111.
1328 3022 1354 3048 p.
1375 3021 1399 3039 2.

2029 1258 2104 1278 Mun..
2121 1257 2159 1280 578

2006 2726 2040 2744 20

2006 2897 2037 2923 ²5

2054 1284 2085 1307 Ι),
2101 1285 2161 1302 116r
