2314 3418
62 242 114 280 μ.
135 243 230 277 ιοει]
430 236 501 272 DE
527 235 695 273 REBUS
723 234 900 272 GESTIS
927 233 1146 271 RoGERn
1172 232 1381 270 coM1T1s
1409 231 1523 269 ETC.
1846 229 1892 271 77

65 359 149 398 eins,
171 358 216 392 ad
238 357 512 391 misericordiam
537 357 673 391 comitis
698 357 849 395 veniens,
871 357 930 400 pia
952 356 1197 390 recordatione
1220 356 1371 398 nepotis,
1401 355 1497 387 cuius
1527 364 1613 387 uxor
1642 354 1766 394 fuerat,
1797 353 1899 386 salvis

3 408 7 447 ἔ
62 411 219 445 omnibus
250 421 339 454 quae
362 410 522 449 habebat,
545 412 592 444 ad
614 410 776 444 maritum
800 410 1011 444 conductum
1034 408 1159 441 meruit
1181 408 1357 442 devenire.
1403 406 1529 441 Comes
1554 417 1648 447 vero,
1663 406 1900 441 reconciliatis

6 500 7 503 ,
32 471 33 478 ’
64 463 220 505 Graecis,
243 463 420 497 Giracium
442 464 585 507 recepit.

40 595 42 597 ,
150 557 300 591 XXXII.
329 576 364 581 —
388 558 523 591 Eodem
545 568 637 591 anno
660 558 753 591 idem
778 567 906 597 comes,
927 557 1117 600 sumptibus
1139 556 1293 599 pluribus
1316 555 1501 598 apparatis,
1527 556 1767 598 undecumque
1790 561 1899 588 terra-

4 621 6 623 *
31 619 40 656 -jj
62 621 138 645 rum
160 610 352 644 artificiosis
374 611 614 644 caementariis
637 610 829 649 conductis,
844 610 1071 643 fundamenta
1087 609 1230 647 castelli,
1245 615 1427 652 turresque
1441 609 1536 650 apud
1551 609 1747 641 Messanam
1769 609 1901 652 jacens,

45 664 249 698 -aedificare
273 665 404 706 coepit:
429 665 486 697 cui
509 664 607 707 operi
630 664 802 697 studiosos
832 664 1060 707 magistratus,
1091 662 1149 706 qui
1179 662 1346 704 operariis
1376 668 1588 705 praeessent,
1619 661 1747 694 statuit.
1793 662 1902 694 Inter-

46 716 144 751 *dum
166 717 242 759 ipse
265 717 375 749 visum
399 717 548 755 veniens,
571 717 664 759 ipsos
686 728 749 759 per
771 716 988 759 semetipsum
1012 715 1226 749 cohortando
1252 715 1509 747 festinantiores
1524 714 1686 754 reddens,
1702 714 1802 747 brevi
1816 720 1901 747 tem-

44 765 148 815 {pore
170 771 291 802 turrim
314 776 350 802 et
372 770 667 814 propugnaculum
689 771 874 803 immensae
898 769 1087 802 altitudinis
1117 768 1260 800 mirifico
1292 777 1399 809 opere
1431 768 1689 800 consummavit.
1735 768 1791 807 Et,
1822 768 1902 812 quia

6 818 8 831 ³
49 817 164 862 hanc,
187 823 286 866 quasi
311 823 444 855 clavem
468 823 619 861 Siciliae,
642 822 842 856 aestimabat
856 833 938 865 prae
954 822 1100 855 caeteris
1114 820 1257 853 urbibus
1282 831 1367 863 quas
1383 819 1544 858 habebat,
1560 820 1718 853 fidelibus
1733 820 1903 854 tutoribus

62 875 247 919 deputatis,
271 876 411 909 arctiori
434 875 591 909 custodia
613 874 828 909 observabat.

49 962 53 966 ,
149 928 344 962 Ecclesiam
367 929 469 962 etiam
491 929 526 961 in
551 929 680 962 honore
710 928 821 961 sancti
852 928 988 960 Nicolai
1019 927 1055 959 in
1087 927 1208 959 eadem
1231 926 1317 958 urbe
1351 937 1428 958 cum
1460 936 1591 958 summa
1621 926 1902 959 honorificentia‘

10 1009 12 1012 ,
61 987 277 1021 construens,
300 981 448 1015 turribus
469 988 504 1015 et
526 982 670 1015 diversis
692 980 962 1024 possessionibus
984 980 1144 1024 augendo
1169 979 1302 1016 dotans,
1326 979 1466 1012 clericis
1496 980 1543 1012 ad
1558 979 1776 1012 serviendum
1793 980 1902 1023 depu-

8 1062 10 1066 ,
42 1029 150 1074 <sutis
172 1034 366 1077 pontificali
389 1035 473 1068 sede
496 1034 644 1078 aptavit3
667 1033 730 1067 sed
754 1044 829 1066 eam
854 1043 932 1066 cum
955 1033 1150 1076 Traynensi
1175 1031 1342 1065 cathedra
1365 1032 1473 1064 univit
1488 1033 1510 1064 ¹.

9 1117 11 1165 J
148 1122 316 1156 XXXIII.
341 1141 382 1146 ——
406 1123 513 1167 Igitur
536 1121 784 1155 famosissimus
807 1122 880 1154 dux
902 1121 1094 1159 Calabriae,
1119 1119 1380 1163 Apulorumque
1402 1120 1579 1163 princeps,
1610 1120 1786 1153 Robertus
1816 1121 1900 1154 Gui-

25 1170 42 1219 f
61 1175 213 1214 scardus,
246 1176 338 1218 apud
368 1174 537 1220 Bulgaros
567 1176 680 1209 omnia
709 1174 847 1207 fortiter
877 1174 1014 1218 agendo
1046 1179 1081 1206 et
1110 1173 1174 1205 sibi
1204 1173 1434 1217 subjugando,
1471 1184 1561 1206 anno
1592 1174 1761 1206 incarnati
1792 1174 1899 1207 Verbi

25 1235 43 1271 ἰῇ
59 1228 272 1262 MLXXXII
294 1240 315 1261 a
337 1228 516 1261 Romanae
539 1227 639 1261 Sedis
661 1227 852 1270 apostolico
876 1227 951 1259 viro
975 1226 1157 1269 Gregorio,
1180 1226 1286 1258 literis
1314 1226 1571 1259 continentibus
1593 1228 1784 1270 angustiam
1808 1238 1902 1259 suam

18 1276 41 1322 ”’,
61 1281 228 1324 acceptis,
250 1288 288 1314 ut
310 1282 346 1313 in
369 1281 576 1326 adjutorium
598 1286 738 1314 sanctae
759 1279 939 1313 Romanae
962 1279 1144 1312 Ecclesiae
1168 1279 1314 1317 veniret,
1337 1279 1455 1311 multis
1478 1279 1642 1322 precibus
1666 1281 1878 1313 cohortatur.

148 1335 339 1377 Imperator
361 1334 451 1367 enim
474 1333 754 1372 Alamannorum,
777 1333 959 1372 Henricus,
983 1332 1189 1376 quibusdam
1214 1333 1461 1365 controversiis
1490 1333 1584 1365 inter
1613 1343 1650 1366 se
1681 1333 1800 1372 hortis,
1827 1333 1900 1366 Ro-

19 1380 33 1390 *
59 1397 150 1420 mam
173 1397 251 1420 cum
282 1387 434 1420 exercitu
468 1387 621 1427 veniens,
650 1386 789 1419 obsessa
818 1386 946 1419 diutius
975 1386 1073 1425 urbe,
1105 1386 1256 1424 tandem,
1289 1386 1432 1418 fortuna
1461 1386 1686 1430 suffragante,
1717 1387 1902 1430 irruperat,

17 1441 39 1475 0
61 1440 299 1484 Romanisque
321 1439 570 1483 potentioribus
599 1439 666 1472 sibi
693 1438 880 1483 injugendo
910 1439 1177 1478 confoederatis,
1209 1439 1319 1482 ipsum
1351 1438 1579 1481 apostolicum
1609 1439 1721 1472 virum
1752 1440 1787 1471 in
1817 1440 1902 1473 turn·

28 1537 30 1539 ‚
61 1493 219 1537 quadam,
243 1503 331 1536 quae
354 1492 546 1526 Crescentii
569 1493 705 1531 dicitur,
729 1493 900 1525 reclusum
922 1491 1117 1530 obsederat,
1141 1491 1315 1535 aliumque
1338 1492 1375 1523 in
1390 1491 1470 1525 loco
1493 1492 1577 1531 eius,
1601 1492 1900 1535 archiepiscopum

24 1559 41 1600 7
58 1545 222 1579 videlicet
244 1546 495 1585 Ravennatem,
518 1546 722 1579 Umbertum
745 1545 893 1584 nomine,
909 1556 947 1578 re
964 1545 1166 1584 indiscussa,
1185 1550 1306 1578 contra
1318 1544 1444 1578 Sacros
1456 1543 1617 1578 Canones
1633 1563 1676 1569 --
1692 1546 1786 1589 quod
1802 1545 1902 1579 nefas

29 1598 113 1646 ‘sest
128 1598 266 1632 dicere!
288 1618 323 1622 —
341 1599 528 1632 cathedrae
543 1598 637 1632 beati
651 1598 746 1632 Petri
762 1598 1019 1642 subrogaverat.
1064 1598 1142 1641 Ipse
1166 1608 1249 1631 vero
1273 1604 1370 1630 tanta
1393 1597 1572 1631 obsidione
1595 1598 1902 1642 praegravabatur,

24 1666 27 1669 “
60 1658 99 1686 ut
119 1661 234 1695 neque
255 1651 321 1684 sibi
343 1663 485 1695 usquam
508 1652 756 1696 progrediendi
777 1652 891 1685 aditus
912 1657 1060 1695 pateret.

51 1707 54 1710 ’
148 1705 226 1738 Dux
248 1716 345 1745 vero,
368 1705 522 1749 quamvis
544 1705 590 1738 ad
612 1705 648 1738 id
671 1706 764 1749 quod
788 1710 950 1748 coeperat
971 1705 1155 1738 intendere
1178 1705 1337 1738 omnibus
1359 1705 1562 1739 utilitatibus
1588 1706 1625 1738 in
1655 1706 1771 1738 animo
1801 1716 1902 1747 prae-

22 1758 179 1797 {serres
206 1764 323 1792 tamen
353 1758 583 1792 calamitatem
612 1765 752 1792 sanctae
781 1758 906 1792 Matris
935 1758 1117 1792 Ecclesiae
1148 1758 1294 1791 audiens
1326 1764 1361 1791 et
1391 1758 1567 1791 dominum
1599 1768 1706 1798 suum,
1738 1759 1800 1792 sub
1831 1769 1901 1803 quo

27 1812 185 1857 'iq-omnia,
209 1822 297 1855 quae
321 1811 479 1851 habebat,
501 1812 682 1855 possidere
704 1822 742 1845 se
766 1811 1009 1855 cognoscebat,
1033 1812 1068 1844 in
1091 1818 1224 1845 tantum
1246 1811 1445 1856 angustiari,
1469 1811 1574 1844 fidem
1597 1813 1713 1845 datam
1745 1818 1781 1845 et
1802 1813 1898 1857 lega-

24 1861 44 1882 ”’
59 1862 189 1899 litatem
211 1875 307 1898 suam
330 1874 479 1904 servanS,
502 1865 622 1898 maluit
643 1876 715 1904 sua,
738 1865 896 1909 quamvis
926 1868 1038 1906 'cara,
1061 1865 1106 1898 ad
1135 1870 1272 1908 tempus
1302 1871 1512 1908 postponere
1543 1871 1577 1898 et
1606 1860 1747 1899 sanctae
1777 1866 1903 1899 Matris

24 1916 250 1957 ‘Ecclesiam
272 1918 328 1951 vel
350 1917 480 1950 domini
503 1918 556 1951 sui
579 1918 842 1951 necessitatibus
865 1918 1044 1952 inservire.
1089 1916 1219 1962 Sicque
1242 1917 1312 1951 filio
1336 1928 1397 1951 suo
1421 1918 1636 1956 Boamundo,
1662 1918 1899 1952 strenuissimo

26 2008 28 2010 ,
50 1962 85 1999 ³·
134 1971 172 2010 ti,
194 1980 283 2014 quae
306 1976 470 2014 coeperat
492 1971 698 2015 exequenda
719 1971 946 2011 committens,
970 1971 1080 2015 copiis
1103 1971 1260 2005 omnibus
1282 1971 1347 2004 sibi
1371 1971 1549 2016 delegatiS,
1574 1972 1647 2014 ipse
1672 1982 1749 2005 cum
1780 1972 1901 2014 paucis

60 2021 199 2057 shcido
221 2023 350 2068 remige
374 2023 410 2056 in
432 2023 607 2066 Apuliam,
629 2034 747 2057 versus
769 2024 966 2058 Ydrontum
990 2023 1143 2068 applicat
1155 2024 1178 2058 ².

144 2111 312 2146 XXXIV.
335 2130 373 2137 —-
402 2113 456 2146 Ea
478 2118 693 2156 tempestate,
716 2113 831 2156 plures
854 2113 949 2157 apud
970 2113 1145 2157 Apuliam,
1176 2119 1320 2157 propter
1351 2114 1542 2148 absentiam
1574 2115 1674 2148 ducis
1702 2115 1899 2155 insolentes,

30 2158 62 2186 ‘¹-
90 2174 223 2199 1versus
245 2176 323 2198 eum
345 2166 638 2208 conspiraverant,
660 2167 817 2200 volentes
839 2176 892 2207 ea,
914 2177 1003 2210 quae
1026 2168 1100 2199 eius
1120 2167 1206 2211 juris
1229 2173 1339 2206 erant,
1362 2178 1544 2210 usurpare:
1568 2173 1729 2210 putantes
1745 2177 1834 2207 eum,
1850 2168 1900 2200 al-

31 2259 34 2262 ,
55 2217 203 2252 ³⁹·rlbus
223 2219 372 2263 negotiis
392 2219 571 2259 intentum,
602 2219 747 2254 ulterius
768 2220 852 2253 illuc
874 2220 1016 2265 regredi
1038 2231 1108 2253 non
1131 2231 1266 2254 curare.
1313 2220 1416 2253 Unde
1446 2227 1482 2254 et
1513 2220 1704 2254 Gaufridus
1735 2221 1779 2254 de
1809 2220 1901 2254 Con-

22 2273 58 2317 η’·
77 2288 105 2303 .
127 2281 205 2305 :vno
227 2272 322 2315 apud
344 2271 476 2310 urbem,
498 2283 586 2316 quae
610 2271 694 2306 Oria
716 2273 847 2306 dicitur
860 2273 884 2313 ²,
906 2273 1000 2307 haud
1023 2273 1126 2318 lenge
1150 2285 1171 2306 a
1185 2274 1370 2316 provincia
1384 2274 1586 2313 Tarentina,
1603 2274 1817 2308 obsidionem
1837 2285 1901 2317 po-

105 2335 157 2364 ns,
179 2324 364 2368 plurimum
386 2325 589 2358 lacessendo
611 2325 854 2359 infestissimus
875 2332 959 2360 erat.

50 2371 67 2418 'J
145 2377 227 2411 Dux
248 2389 342 2417 vero,
364 2377 458 2421 apud
480 2377 678 2412 Ydrontum
700 2379 890 2422 applicans,
921 2379 1039 2413 audito
1068 2379 1147 2413 urbi
1177 2379 1392 2413 obsidionem
1422 2380 1611 2420 imminere,
1635 2380 1789 2413 illorsum
1821 2390 1899 2412 cum

49 2425 77 2472 4»
202 2431 493 2475 ‘appropinquare
515 2431 700 2465 accelerat.
745 2431 856 2465 Porro
879 2431 939 2472 illi,
963 2432 1022 2476 qui
1045 2432 1235 2466 obsidionis
1258 2433 1413 2476 primarii
1436 2439 1546 2473 erant,
1569 2443 1634 2476 per
1656 2433 1807 2477 legatum
1834 2433 1898 2466 du-

150 2549 173 2568 2.
193 2542 325 2568 devenire
342 2550 394 2568 unu.
412 2543 440 2568 P
454 2557 464 2562 -
482 2544 736 2569 reconciliantibus
754 2544 781 2569 Ρ
795 2557 828 2563 -
847 2543 871 2569 6.
891 2546 1037 2577 praesent
1056 2543 1170 2579 statuit]
1191 2553 1248 2570 non
1267 2545 1395 2570 deessent
1414 2546 1553 2578 deputans
1571 2546 1600 2571 P
1619 2558 1650 2563 —
1670 2544 1695 2570 8.
1714 2545 1847 2575 turribus,
1873 2547 1900 2570 et

39 2613 40 2616 ,
56 2589 79 2622 ’ᾖ
103 2596 108 2605 ·
123 2597 128 2605 ·
152 2585 282 2618 gnaculls
295 2585 323 2610 P
333 2597 366 2603 —
379 2592 405 2618 9.
418 2585 534 2610 urbibus
546 2593 596 2611 om.
609 2585 636 2609 B
648 2599 681 2604 —
697 2593 736 2619 13.
748 2593 811 2611 eam
821 2587 871 2611 sub
885 2587 1036 2612 Tralnensi
1049 2587 1182 2612 cathedra
1195 2588 1343 2613 ordinavit
1354 2588 1381 2612 B
1390 2589 1420 2613 D
1433 2602 1465 2607 -
1482 2593 1520 2619 ις.
1535 2589 1631 2612 omnia
1645 2587 1700 2612 sibl
1714 2587 1900 2621 subjugando,

55 2615 64 2644 ἶ
107 2640 125 2648 --
166 2634 242 2652 anno
260 2627 286 2652 P
299 2640 308 2645 -
326 2627 384 2652 Ine.
402 2625 500 2661 Verbi]
520 2628 638 2653 Domini
658 2628 685 2652 B
701 2642 734 2647 —
749 2627 791 2653 16.
810 2629 903 2654 literis
922 2629 1138 2654 continentibus
1156 2637 1205 2654 om.
1223 2630 1250 2654 B
1261 2631 1322 2655 CD
1335 2643 1366 2648 —-
1383 2635 1423 2662 17.
1443 2627 1565 2663 veniret]
1586 2629 1707 2654 reditum
1728 2629 1862 2654 acceleret
1874 2629 1903 2655 P

116 2667 156 2694 18.
173 2668 244 2703 Imp.
264 2676 384 2702 namque
402 2669 595 2694 Romanorum
614 2670 639 2694 Β
649 2671 679 2696 D
696 2668 874 2704 quibusdam]
889 2671 988 2695 multls
1002 2671 1028 2695 B
1041 2685 1073 2689 —
1090 2678 1130 2703 19·
1142 2670 1269 2706 tandem]
1283 2673 1398 2697 eandem
1413 2673 1441 2697 P
1453 2685 1483 2690 —-
1499 2678 1540 2696 20.
1555 2673 1646 2704 ipsum
1660 2671 1805 2696 Summum
1824 2671 1898 2696 Pon-

37 2711 42 2746 ,ζ
59 2722 75 2746 g
96 2724 98 2730 ·
182 2711 215 2736 ln
234 2711 260 2736 B
278 2712 307 2736 D
325 2723 358 2730 —
378 2717 421 2744 24.
439 2709 546 2745 aditus]
566 2712 638 2737 liber
655 2712 792 2738 tran-ltus
812 2712 838 2736 Ρ
852 2725 885 2731 -
906 2714 996 2746 25-26.
1014 2714 1136 2746 praefert
1157 2714 1183 2739 P
1204 2726 1232 2732 -
1253 2713 1295 2739 26.
1315 2712 1426 2747 Matris]
1446 2714 1592 2739 Romanae
1610 2714 1637 2737 P
1653 2726 1685 2731 —
1700 2712 1742 2738 28.
1761 2721 1867 2746 ponere
1879 2714 1905 2737 Ρ

48 2751 83 2769 Ἣ
122 2758 208 2786 30-31.
227 2759 297 2786 quae
315 2754 515 2786 coeperat....
534 2753 698 2779 Ydrontum
715 2761 765 2779 m.
783 2754 813 2778 D
831 2767 866 2772 —
885 2761 927 2786 3¹.
946 2753 990 2788 ln]
1007 2762 1105 2781 versus
1122 2755 1150 2780 Ρ
1163 2769 1196 2775 -
1222 2763 1265 2789 34.
1289 2756 1410 2781 ulterius
1435 2756 1610 2788 regrediendi
1639 2755 1708 2780 illuc
1735 2763 1790 2780 non
1817 2755 1845 2780 P
1867 2769 1898 2773 -

39 2795 46 2812 ”
59 2802 68 2822 ι
112 2801 154 2829 35.
173 2794 357 2820 Conversana
377 2796 404 2820 P
419 2796 467 2828 qul
482 2803 496 2820 a
509 2794 562 2828 [ἰὰ
581 2810 614 2815 -
634 2801 674 2828 37.
693 2796 769 2827 Dux,
788 2798 892 2822 ut....
912 2796 1070 2831 appllcavlt
1088 2798 1153 2823 BD
1171 2811 1204 2816 —
1223 2798 1266 2831 38.
1287 2800 1469 2831 appropriare
1488 2798 1514 2822 P
1529 2811 1538 2816 -
1558 2798 1692 2830 primates
1706 2798 1732 2822 B

147 2881 158 2900 ¹
177 2883 210 2910 V.
229 2883 251 2909 11
269 2891 332 2918 cap.
350 2883 402 2909 XX
421 2883 449 2909 di
469 2886 568 2917 questo
593 2883 699 2915 Lim-03
724 2885 761 2910 cf.
786 2884 950 2915 nuum,
1005 2886 1050 2911 del
1069 2886 1286 2917 Gmsasnscur,
1312 2888 1460 2912 Gesclu'chte
1478 2887 1528 2911 der
1546 2887 1660 2912 deutsch.
1676 2887 1837 2916 Kaiserzeit.
1851 2886 1899 2916 111.

93 2935 95 2937 ·
145 2938 149 2943 ›
192 2925 265 2958 11,1.
285 2931 309 2958 7,
328 2933 352 2951 c.
372 2932 397 2957 2,
415 2933 430 2950 e
448 2925 552 2957 Pmo,
570 2925 671 2959 1‚=381.
1008 2934 1072 2961 ¹¹73
1103 2943 1135 2948 --
1161 2930 1182 2954 n
1207 2929 1246 2955 M.
1272 2930 1296 2954 si
1321 2931 1428 2954 mostra
1453 2929 1525 2953 asni
1551 2929 1622 2953 bene
1646 2927 1815 2954 informato.
1853 2928 1899 2954 Cf.

42 2965 90 2991 ῑ4
148 2965 160 2984 ²
182 2967 232 2994 Sul
259 2967 361 2994 famo-1
389 2969 594 2998 avvenimentl,
621 2969 672 2994 che
695 2969 910 2995 rtem-marono
937 2977 952 2995 a
1005 2970 1157 3001 Scnwuz,
1177 2974 1217 3002 op.
1236 2971 1290 3000 cit„
1309 2977 1360 3003 31;
1380 2970 1578 2999 Humanam«,
1598 2973 1638 3001 op.
1659 2970 1713 3001 cit„
1732 2976 1793 3002 400.

39 3017 42 3024 ·
62 3020 65 3027 ¹
95 3020 99 3027 ·
115 3021 126 3026 ..
167 3008 293 3036 Roberto
312 3009 472 3036 Gal-cardo
490 3023 525 3029 —
546 3010 692 3044 malgrado
710 3010 739 3036 le
757 3012 952 3038 osservnlonl
1092 3011 1104 3030 ⁸
1122 3011 1201 3043 Oris,
1220 3013 1252 3038 ln
1271 3019 1351 3045 prov.
1372 3012 1400 3038 dl
1422 3012 1517 3037 Lecce.

1931 3019 1959 3045 ¹5
