2314 3418
160 912 233 934 Mum,
254 911 291 934 598

170 1714 200 1737 D,
215 1718 275 1737 ἠν

351 247 422 282 100
923 240 1194 277 GAUFREDI
1224 239 1600 276 MALATERRAE
2007 245 2056 281 [Α.
2079 246 2173 279 1094]

341 369 513 402 obsessum
538 368 615 405 itur,
639 377 729 399 anno
761 365 930 397 incarnati
954 363 1143 397 Salvatoris
1173 361 1358 395 MXCIIII.
1404 362 1480 395 Hoc
1511 367 1626 395 autem
1649 363 1897 406 operimentum
1928 362 2061 396 fraudis
2091 373 2173 396 suae

343 420 545 454 Guillelmus
566 419 630 452 sibi
654 418 863 461 opponebat,
886 417 990 460 quod,
1015 426 1092 448 cum
1115 414 1159 447 ab
1181 415 1347 448 urbicolis
1370 415 1480 458 primo
1503 415 1596 448 infra
1616 415 1735 449 urbem
1762 423 1939 460 susceptus
1953 422 2015 457 est,
2030 416 2097 449 illis
2112 415 2176 448 im-

339 474 474 516 provisa
499 471 786 505 determinatione
809 469 1032 514 jurejurando
1055 469 1261 508 firmaverat,
1277 478 1313 501 se
1329 478 1515 511 numquam
1531 468 1631 501 alicui
1648 468 1768 501 urbem
1783 469 2008 509 redditurum,
2023 475 2174 511 excepto

339 526 535 563 Lodovisio,
559 525 628 557 filio
652 524 762 562 ducis,
787 529 822 556 et
844 523 912 556 hoc
934 522 1015 566 quia
1037 522 1199 565 parvulus
1221 527 1305 561 erat,
1328 527 1407 565 post
1429 521 1551 554 decem
1575 531 1682 555 annos
1697 522 1830 555 futuros
1845 522 2057 562 fidelitatem,
2075 533 2176 567 quam
2306 550 2309 564 ,

342 580 422 613 duci
444 579 628 623 juraverat,
651 578 786 611 solvere
810 576 950 610 minoris
975 575 1129 609 offensae
1152 575 1208 608 vel
1238 575 1417 618 opprobrii
1440 575 1582 614 ducens,
1606 585 1707 619 quam
1731 576 1825 619 quod
1847 577 1994 622 perjuris
2021 582 2056 609 et
2085 577 2176 609 trau·
2223 574 2241 607 5
2294 588 2308 617 ,ς

340 632 517 665 datoribus
539 633 724 676 juraverat.
773 630 832 663 Sic
854 640 960 663 avara
983 628 1133 667 ambitio,
1156 628 1219 661 sed
1243 634 1279 662 et
1300 628 1417 661 uxoris
1444 639 1552 670 prava
1582 628 1772 671 persuasio,
1803 635 1951 663 mentem
1979 629 2124 674 juvenis,
2157 640 2177 662 a

341 687 431 719 bono
454 687 667 727 honestoque
691 683 913 722 discedendo,
936 682 1091 726 proclive
1115 687 1291 715 coecatam
1314 681 1380 715 sibi
1402 681 1574 714 illexerat.

427 738 505 770 Dux
528 737 571 770 ab
595 738 688 771 omni
711 737 842 780 Apulia
865 736 1017 779 equitum
1042 734 1266 778 peditumque
1290 734 1409 777 copiis,
1433 735 1542 767 fratre
1566 734 1767 768 Boamundo
1790 735 1854 768 sibi
1869 735 1905 768 in
1920 736 2083 769 auxilium
2100 747 2178 770 cum

340 790 543 825 Ydrontinis
564 796 598 824 et
621 790 821 824 Tarentinis
845 796 879 822 et
901 789 1053 832 reliquis,
1077 789 1138 831 qui
1160 789 1211 820 sui
1232 788 1319 832 juris
1341 794 1447 825 erant,
1472 788 1665 831 assumptis,
1681 788 1817 822 Vallem
1834 789 2047 828 Gratensem,
2062 800 2180 823 versus

341 844 585 878 Castri-villam
609 849 767 887 occupat.
813 843 937 876 Comes
959 852 1043 875 vero
1070 841 1178 874 multa
1207 841 1314 873 millia
1347 841 1597 874 Saracenorum
1621 852 1641 874 a
1665 840 1785 874 Sicilia
1808 847 1843 874 et
1865 842 2027 875 Calabria
2049 843 2181 876 coudu-
2208 841 2246 874 10

340 909 432 938 cens,
454 898 605 941 equitum
629 907 765 940 quoque
787 896 858 930 sive
880 896 1033 940 peditum
1051 895 1322 929 Christianorum
1339 895 1458 938 copias
1473 895 1635 929 il'lorsum
1650 896 1767 939 nepoti
1784 905 1967 928 occurrere
1982 896 2180 930 accelerans

341 962 410 984 non
432 951 574 984 relaxat.
1564 975 1566 977 .

426 1004 534 1037 Porro
559 1004 761 1038 Guillelmus
783 1003 829 1036 de
853 1003 1100 1042 Grantemanil,
1124 1003 1335 1036 auctoritatis
1357 1003 1449 1036 viros
1472 1004 1653 1036 adversum
1676 1013 1712 1036 se
1736 1003 1949 1046 conspirasse
1973 1009 2008 1036 et
2033 1002 2182 1036 obsidio-

341 1070 418 1092 nem
434 1059 500 1092 sibi
521 1059 700 1091 imminere
724 1066 950 1101 cognoscens,
973 1068 1047 1090 sese
1071 1058 1114 1090 ad
1139 1057 1400 1090 defendendum
1424 1067 1488 1099 pro
1511 1067 1610 1100 posse
1634 1063 1739 1100 aptat.
1784 1058 1942 1100 Dumque
1966 1056 2032 1090 sibi
2055 1056 2183 1090 auxilia
2296 1092 2299 1102 ,Ἴ

338 1114 580 1156 undecumque
603 1111 801 1144 conducere
823 1111 952 1151 nititur,
975 1112 1133 1154 quamvis
1154 1121 1227 1143 mos
1249 1111 1292 1143 sit
1312 1110 1494 1153 juvenibus
1525 1110 1650 1144 talibus
1680 1110 1862 1149 exercitiis,
1894 1121 1997 1144 causa
2027 1109 2181 1143 militaris
2208 1109 2246 1143 15

339 1166 458 1208 laudis,
482 1167 545 1199 sed
567 1172 603 1198 et
625 1171 788 1209 quaestus
810 1165 961 1197 libenter
982 1165 1156 1203 interesse,
1180 1170 1250 1197 tam
1271 1165 1358 1196 iram
1383 1164 1518 1196 comitis
1541 1174 1643 1207 quam
1666 1164 1765 1197 ducis
1791 1163 1903 1202 veriti,
1933 1164 2073 1197 minime
2103 1163 2181 1202 sibi,
2296 1155 2297 1159 Ἰ

341 1231 419 1253 cum
435 1219 541 1252 multa
563 1219 792 1261 promitteret,
807 1218 971 1251 associari
986 1217 1260 1260 praesumebant,
1283 1217 1428 1249 maxime
1445 1217 1527 1260 quia
1542 1218 1715 1249 fortunam
1725 1219 1734 1234 '
1751 1217 1816 1250 sibi
1832 1217 2023 1256 adversam,
2039 1223 2184 1260 propter

342 1274 435 1318 quod
459 1274 562 1316 culpa
583 1273 619 1305 in
641 1273 754 1316 ipsum
778 1282 856 1305 cum
880 1272 996 1315 aliqua
1018 1271 1235 1304 inhonestate
1259 1269 1534 1314 retorquebatur,
1557 1276 1803 1312 praenotantes
1825 1270 2036 1303 metuebant.

428 1326 506 1359 Dux
530 1332 643 1359 autem
660 1326 694 1357 in
710 1325 801 1359 valle
818 1325 980 1358 Gratensi
1005 1325 1176 1364 comitem,
1201 1325 1282 1358 dum
1306 1324 1433 1362 veniat,
1449 1324 1609 1362 sustinet3
1628 1330 1784 1363 castrum,
1802 1325 1896 1367 quod
1911 1324 2031 1357 Sancti
2045 1323 2158 1358 Marci
2172 1324 2182 1341 ¹
2292 1354 2299 1366 „

340 1380 475 1418 dicitur,
491 1389 600 1423 usque
612 1388 814 1422 properans,
827 1378 1005 1411 deditione
1018 1378 1144 1411 civium
1157 1378 1218 1410 tali
1230 1378 1392 1420 pactione
1404 1378 1551 1416 firmata,
1564 1378 1717 1420 suscipit,
1729 1383 1766 1410 ut
1778 1377 1813 1409 in
1827 1383 2032 1421 perpetuum
2046 1395 2087 1402 —
2099 1378 2179 1411 dum
2205 1378 2247 1410 20

342 1435 376 1466 in
394 1433 463 1466 vita
479 1443 596 1466 comes
611 1432 721 1465 fuerit
735 1431 822 1464 illud
839 1450 881 1455 --
898 1431 1100 1465 Guillelmo'
1117 1441 1187 1464 non
1203 1431 1361 1464 reddant.
1408 1431 1494 1463 Inde
1510 1431 1703 1464 Rossanam
1721 1442 1828 1474 usque
1845 1431 2085 1475 pertransiens,
2101 1431 2183 1476 quia
2295 1421 2297 1424 ’

344 1487 546 1520 Guillelmus
568 1486 657 1519 filios
680 1486 913 1528 potentiorum
936 1485 1061 1518 civ-ium
1084 1484 1149 1517 sibi
1172 1484 1310 1517 obsides
1334 1483 1536 1523 adduxerat,
1559 1484 1670 1517 minus
1692 1484 1758 1517 sibi
1782 1485 2006 1518 assentientes
2023 1484 2181 1519 offendit.

345 1541 418 1574 Sed
441 1541 522 1583 quia
544 1540 617 1582 ipse
650 1538 721 1573 duit
751 1540 822 1584 jam
851 1544 933 1572 ante
963 1549 1101 1578 annum,
1133 1543 1252 1571 contra
1282 1538 1490 1571 voluntatem
1523 1538 1748 1577 Graecorum,
1781 1538 1840 1582 qui
1865 1538 1978 1571 eidem
2001 1538 2079 1572 urbi
2108 1549 2181 1572 ma-

343 1595 436 1627 xima
458 1604 500 1626 ex
523 1600 622 1636 parte
649 1592 942 1636 principabantur,
973 1602 1102 1636 graeco
1132 1591 1396 1634 archiepiscopo
1429 1592 1584 1624 eiusdem
1616 1591 1707 1624 sedis
1738 1592 1916 1629 defuncto,
1944 1601 2179 1626 successorem
2285 1621 2289 1637 ·.

345 1648 489 1680 latinum
514 1646 677 1690 eligendo
700 1646 963 1689 subrogaverat,
985 1646 1048 1678 sed
1071 1645 1221 1677 necdum
1244 1645 1508 1678 consacratione
1524 1645 1677 1677 firmatus
1693 1650 1778 1684 erat,
1796 1644 1964 1678 electione
1989 1644 2085 1679 latini
2107 1645 2184 1678 fru-
2207 1645 2248 1678 25
2280 1642 2297 1675 ε-.’

351 1707 467 1740 strata,
491 1701 572 1733 dum
596 1712 616 1733 a
639 1701 728 1733 duce
759 1700 963 1733 conceditur
985 1704 1022 1732 ut
1043 1698 1090 1732 de
1113 1709 1174 1731 sua
1196 1704 1300 1742 gente
1324 1699 1623 1742 archiepiscopum
1647 1698 1712 1732 sibi
1736 1698 1879 1732 Graeci'
1902 1709 1966 1742 pro
1990 1698 2088 1733 libitu
2119 1699 2183 1732 eli-
2279 1693 2283 1696 Δ

344 1760 438 1800 gant,
462 1755 617 1787 favorem
640 1753 776 1786 illorum
799 1753 955 1796 adeptus,
978 1753 1097 1786 urbem
1121 1763 1259 1796 quoque
1290 1753 1425 1785 illorum
1450 1753 1625 1786 deditione
1657 1752 1812 1785 obtinuit.
1860 1752 1931 1786 Sed
1955 1758 2107 1786 castrum
2122 1762 2186 1797 op-

343 1819 512 1852 pugnans,
537 1807 697 1841 fidelibus
721 1806 896 1840 Guillelmi
918 1806 1155 1845 renitentibus,
1179 1807 1316 1839 minime
1340 1806 1546 1849 praevaluit.

431 1863 539 1895 Porro
563 1870 680 1894 comes
703 1871 781 1893 cum
805 1860 963 1893 exercitu
985 1860 1139 1899 veniens,
1163 1861 1207 1893 de
1232 1861 1333 1899 duce,
1357 1860 1417 1904 qui
1438 1860 1507 1903 jam
1531 1865 1663 1893 tantum
1684 1860 1896 1903 profecerat,
1920 1860 2067 1904 gavisus,
2090 1861 2186 1906 juxta

345 1922 491 1950 castrum
513 1915 644 1948 Tarsae
657 1914 679 1953 ²,
705 1924 807 1957 super
839 1913 992 1953 fluvium,
1022 1913 1081 1956 qui
1112 1924 1132 1945 a
1163 1913 1291 1947 Sancto
1322 1913 1442 1946 Marco
1466 1913 1586 1946 defluit
1608 1932 1649 1936 —
1673 1923 1742 1957 quo
1763 1913 1831 1957 jam
1855 1914 1925 1946 dux
1947 1914 2096 1947 tentoria
2123 1924 2185 1947 sua
2207 1914 2250 1947 30
2278 1916 2295 1961 'J

343 1971 463 2003 fixerat
486 1987 527 1992 —
551 1972 810 2001 castrametatus
833 1972 895 2001 est.
1624 1979 1639 1987 x

430 2021 499 2055 Hic
525 2021 737 2058 Guillelmus,
760 2031 781 2052 a
804 2020 929 2053 comite
953 2020 1126 2058 invitatus,
1150 2026 1188 2053 ut
1203 2031 1345 2053 securus
1361 2020 1406 2053 ad
1421 2021 1631 2064 colloquium
1647 2020 1775 2060 veniat,
1792 2021 1949 2054 accessit.
1994 2019 2185 2064 Multisque

345 2075 699 2109 circumventionibus
721 2084 811 2113 usus,
834 2073 916 2107 dum
941 2079 975 2106 et
997 2073 1157 2106 fraudem
1180 2084 1274 2106 suam
1299 2074 1451 2116 operiret
1475 2079 1510 2106 et
1532 2083 1621 2116 quae
1645 2080 1846 2116 pervaserat
1861 2073 2042 2114 retinetur,
2057 2083 2184 2112 rursus,

344 2130 537 2173 sapientum
559 2127 672 2162 verbis
696 2126 923 2165 obviantibus,
945 2126 1058 2159 minus
1086 2127 1232 2159 honeste
1263 2127 1451 2169 praevalet.
1497 2127 1653 2160 Consilio
1685 2127 1822 2160 comitis
1844 2133 2070 2170 persuaserat,
2093 2126 2186 2172 quod

347 2184 427 2217 duci
457 2182 617 2216 restituit.
662 2181 741 2214 Dux
765 2186 888 2219 autem,
910 2181 964 2225 jus
986 2190 1083 2212 suum
1107 2181 1314 2223 expetendo,
1340 2180 1560 2213 Guillelmum
1592 2190 1768 2223 exequens
1791 2179 2011 2213 reconciliari
2034 2179 2112 2220 sibi,
2135 2185 2185 2220 ut,
2207 2180 2249 2213 35
2286 2183 2293 2198 ”

344 2237 474 2281 judicio
498 2235 633 2269 comitis
656 2240 941 2277 caeterorumque
964 2233 1184 2276 prudentum,
1208 2233 1267 2276 qui
1289 2233 1450 2272 interant,
1466 2234 1628 2271 virorum,
1643 2234 1699 2277 jus
1715 2239 1842 2272 teneat,
1861 2234 1955 2278 quod
1978 2225 2042 2267 sib‘i
2064 2233 2186 2267 tandiu
2284 2231 2287 2234 ⁴

345 2290 490 2334 injurius
514 2288 682 2326 extiterat,
706 2292 922 2320 sacramento
945 2292 981 2319 et
1003 2286 1072 2319 fide
1095 2287 1263 2329 promissa
1290 2286 1489 2319 obtestatur.
1536 2286 1618 2325 Qui,
1635 2288 1687 2319 sui
1701 2292 1817 2319 reatus
1833 2287 1992 2320 conscius
2006 2293 2043 2320 et
2054 2285 2186 2330 judicio

346 2341 570 2387 praegravari
593 2341 726 2380 timens,
750 2341 832 2373 dum
854 2340 976 2378 renuit,
1000 2339 1141 2372 licentia
1163 2339 1312 2373 abeundi
1337 2346 1493 2383 accepta,
1517 2339 1765 2373 Castri-villam
1787 2341 1928 2383 impune
1955 2340 2057 2373 redit.

437 2394 552 2434 Quem
582 2395 653 2427 dux
682 2399 716 2426 et
745 2402 864 2427 comes
889 2393 926 2425 in
956 2391 1140 2425 crastinum
1164 2402 1243 2425 cum
1266 2392 1360 2425 omni
1391 2393 1546 2426 exercitu
1575 2392 1797 2436 subsequenti
1827 2398 1976 2426 castrum
2007 2392 2188 2426 obsidione

346 2449 485 2488 vallant,
509 2449 628 2492 sicque
651 2446 802 2490 undique
825 2446 920 2491 ligno
943 2451 977 2478 et
992 2451 1200 2479 armatorum
1216 2445 1329 2489 copiis
1344 2446 1511 2488 sepiendo
1529 2445 1717 2490 cingentes,
1733 2452 1771 2478 ut
1787 2446 1882 2479 nulla
1897 2455 1941 2479 ex
1955 2451 2054 2489 parte
2070 2445 2186 2480 aditus
2207 2447 2250 2479 40

440 2569 462 2586 1.
481 2568 557 2586 anno
575 2561 695 2585 Domini
715 2559 740 2583 B
753 2571 764 2578 -
776 2559 998 2591 experimentum
1016 2558 1077 2583 BD
1095 2571 1128 2576 -—-
1140 2564 1164 2583 2.
1178 2555 1351 2591 opponebat]
1366 2559 1518 2590 adaptabat
1531 2559 1558 2583 Ρ
1570 2572 1601 2576 -
1616 2565 1669 2590 ²·3·
1686 2559 1840 2590 improvise
1855 2559 1957 2590 absque
1970 2559 1996 2582 B
2009 2572 2042 2576 —
2056 2566 2081 2590 4.
2094 2557 2186 2584 Ludo-

351 2605 413 2629 viso
434 2604 474 2632 P;
488 2603 655 2628 Lodonnlso
676 2602 699 2628 C
717 2615 749 2619 -
769 2600 794 2626 6.
814 2600 971 2626 ambitione
988 2599 1015 2624 B
1034 2613 1066 2618 —
1086 2605 1110 2632 7.
1130 2599 1316 2625 discernendo
1341 2601 1370 2626 P
1387 2613 1419 2618 -
1439 2608 1463 2633 9.
1484 2598 1668 2633 Ydrontinis]
1694 2600 1830 2625 Idroticis
1854 2601 1877 2626 C
1902 2612 1912 2620 -
1938 2602 2084 2633 assumpto
2102 2601 2131 2626 Ρ
2153 2613 2186 2618 -—

351 2653 391 2671 10.
405 2643 509 2679 millia]
523 2645 630 2670 militia
648 2645 678 2669 D
694 2657 704 2662 -
724 2640 869 2676 Calabria]
883 2641 992 2676 Apulia
1003 2642 1032 2666 P
1048 2654 1080 2660 —
1098 2649 1138 2667 η.
1151 2643 1212 2667 sive
1224 2642 1352 2674 peditum
1365 2650 1414 2667 om.
1428 2642 1453 2666 B
1463 2643 1491 2666 D
1505 2654 1515 2660 -
1529 2642 1718 2667 acceleranter
1730 2643 1759 2668 Ρ
1771 2656 1803 2660 ——
1821 2647 1860 2674 15.
1874 2643 1974 2668 ducere
1986 2643 2013 2668 P
2025 2654 2058 2660 —
2072 2641 2114 2668 16.
2125 2640 2186 2676 sed]

349 2690 376 2713 et
395 2689 456 2713 BD
476 2700 508 2706 —
530 2693 570 2720 17.
589 2686 783 2720 praesumebat
800 2686 827 2710 Ρ
844 2697 876 2703 -
899 2684 939 2710 18.
958 2684 1042 2716 culpa
1058 2691 1108 2708 om.
1126 2685 1153 2708 P
1164 2683 1187 2708 C
1197 2697 1207 2703 -
1221 2685 1422 2717 retorquebant
1434 2685 1462 2710 P
1473 2684 1496 2708 C
1513 2699 1540 2703 —
1559 2692 1598 2718 19.
1611 2682 1712 2718 Marci]
1725 2685 1817 2709 Mauri
1832 2685 1860 2710 P
1871 2698 1903 2703 —
1918 2691 1960 2710 20.
1974 2685 2085 2710 firmata
2096 2691 2146 2710 on.
2159 2684 2188 2710 P

354 2744 386 2748 —
407 2738 448 2756 21.
468 2732 497 2755 in
516 2738 564 2754 om.
585 2729 644 2755 PC
660 2742 693 2747 --
712 2735 755 2761 ²3·
773 2728 836 2753 urbi
855 2734 904 2752 om.
923 2727 952 2752 P
963 2726 987 2751 G
1001 2740 1034 2745 -
1054 2733 1096 2759 25.
1116 2727 1234 2751 necdum
1246 2729 1421 2752 sacramento
1436 2729 1485 2752 aut
1497 2726 1582 2752 Sacra
1595 2727 1739 2752 Unctione
1752 2727 1877 2752 firmatus
1889 2727 1939 2752 cosi
1951 2728 1980 2753 Ρ
1991 2741 2023 2747 -
2038 2727 2124 2760 2647.
2137 2727 2188 2752 eli-

352 2775 449 2804 gerent
468 2773 526 2798 PC
542 2785 575 2791 -
595 2777 636 2803 27.
655 2779 822 2796 eorum....
841 2776 938 2795 eorum
955 2769 1018 2793 BD
1042 2781 1076 2788 —
1101 2776 1146 2802 30.
1171 2776 1220 2793 sua
1244 2776 1293 2794 om.
1316 2771 1344 2795 P
1361 2784 1392 2787 —-
1414 2777 1455 2802 31.
1474 2770 1560 2802 figens
1579 2770 1675 2795 BCD
1696 2784 1725 2788 —
1745 2777 1788 2802 32.
1807 2770 2028 2802 colloquendum
2046 2769 2109 2794 PC
2125 2782 2134 2788 -
2153 2781 2186 2788 ·—

351 2822 392 2847 33.
412 2813 545 2848 operiret}
565 2815 671 2847 operiri
689 2814 754 2839 BD
766 2826 799 2832 —
812 2819 902 2846 33-34.
919 2812 1155 2836 retineretur-0..
1175 2813 1348 2843 persuaserat
1361 2820 1409 2836 om.
1423 2813 1456 2837 P.
1493 2812 1540 2836 Ma
1558 2815 1646 2844 questo
1659 2813 1739 2837 brana
1751 2813 1766 2836 ἑ
1780 2814 1924 2844 per-venato
1942 2812 2014 2836 assai
2026 2814 2124 2845 gua-rto
2142 2811 2189 2836 nei

349 2857 421 2881 codd.
441 2870 473 2874 —
494 2865 535 2890 34.
555 2854 659 2889 verbis]
678 2856 756 2880 urbis
775 2855 801 2879 B
824 2867 835 2872 -
859 2853 983 2879 consilio
1009 2853 1109 2878 comiti
1136 2851 1321 2887 persuaserat]
1347 2852 1503 2886 Comesque
1528 2857 1705 2887 persuaserat
1731 2868 1763 2873 —
1790 2860 1831 2887 35.
1856 2852 1935 2888 Dux]
1960 2854 2036 2879 Dum
2054 2854 2085 2878 D
2108 2866 2118 2871 -
2140 2854 2186 2887 Jus

350 2898 440 2930 suum]
459 2900 566 2932 jussum
585 2898 646 2923 PC
662 2911 673 2916 -
692 2896 873 2922 reconciliari
893 2895 947 2920 sibi
966 2902 1016 2920 om.
1028 2895 1055 2919 B
1073 2908 1106 2913 ·-—
1125 2893 1167 2928 36.
1187 2893 1274 2928 quod]
1293 2897 1325 2920 ut
1343 2896 1407 2920 BD
1426 2909 1437 2914 -
1458 2897 1584 2921 virorum
1597 2904 1646 2920 om.
1665 2896 1691 2920 B
1710 2909 1718 2914 —
1738 2894 1845 2930 teneat]
1859 2898 1988 2921 teneatur
2007 2895 2070 2919 BD
2094 2909 2122 2913 —
2142 2893 2188 2927 36·

298 2946 329 2964 10
355 2946 395 2972 37.
415 2941 515 2965 tandiu
534 2937 668 2974 injurius]
688 2940 860 2972 promissum
877 2938 939 2964 BD
957 2950 990 2956 ·-
1008 2937 1051 2969 38.
1071 2935 1156 2970 redit]
1177 2938 1290 2962 recessIt
1311 2950 1344 2956 —
1363 2945 1406 2970 39.
1427 2939 1568 2963 subsecuti
1590 2939 1652 2963 BD
1672 2952 1704 2955 —
1724 2945 1768 2970 40.
1786 2938 1910 2970 undique
1928 2946 1976 2962 om.
1995 2937 2024 2962 Ρ

445 3026 452 3043 ¹
470 3027 497 3052 S.
518 3028 613 3053 Marco
632 3027 806 3060 Argentano,
825 3028 856 3052 in
875 3033 954 3060 prov.
974 3026 1004 3050 di
1023 3024 1160 3050 Cosenza.
1385 3025 1395 3041 ²
1415 3025 1523 3055 Tarsia,
1545 3027 1575 3050 in
1595 3034 1676 3059 prov.
1697 3026 1725 3051 dl
1747 3025 1881 3051 Cosenza.
