2314 3418
181 842 256 862 Μυκη
274 842 311 864 5913

190 1915 221 1938 Ι),
237 1920 275 1939 152
284 1920 297 1933 r

355 731 562 775 -gnificando
587 732 781 766 dilatantes.

325 2716 331 2721 .
368 2691 458 2723 major
478 2690 607 2715 defensio
625 2688 688 2713 BD
707 2702 740 2706 -—
760 2693 802 2720 25.
821 2684 927 2721 adesse]
946 2686 1026 2712 adire
1045 2687 1106 2712 PC
1124 2699 1155 2704 —
1176 2685 1218 2711 28.
1238 2685 1476 2711 Cusentinis....
1496 2687 1736 2718 cognoscentibus
1756 2687 1785 2711 D
1804 2701 1836 2704 —
1857 2694 1900 2719 ²9·
1918 2686 2046 2719 arcendi]
2065 2686 2213 2712 recedendi

313 2954 343 2970 10
370 2947 510 2972 st'ultimo
536 2954 655 2981 gruppo,
675 2945 775 2979 perche
793 2945 808 2971 ὲ
827 2946 1002 2975 avwstorata,
1022 2945 1095 2970 oltre
1120 2945 1166 2969 dal
1190 2946 1265 2970 fatto
1320 2946 1401 2976 giero
1430 2944 1507 2969 dono
1536 2953 1551 2969 a
1581 2953 1631 2970 suo
1657 2946 1703 2971 zio
1732 2945 1759 2970 la
1788 2945 1860 2970 meta
1889 2945 1964 2970 della
1993 2945 2142 2970 Calabria:
2172 2952 2216 2970 ma
2248 2954 2283 2987 15

367 239 415 275 96
949 239 1225 275 GAUFREDl
1255 236 1645 276 MALATERRAE·
2045 246 2099 279 [A.
2119 246 2212 281 10⁹1]
2307 233 2314 276 ἰ

363 360 477 392 villam
502 370 604 391 unam
628 361 697 392 suis
720 361 921 402 sumptibus,
945 360 1036 398 loco,
1061 370 1128 402 quo
1153 360 1335 403 eligerent,
1359 366 1558 393 construere
1581 361 1709 394 debere
1734 368 1769 395 et
1792 362 1836 395 de
1859 373 1896 394 se
1922 363 1992 395 suis
2021 362 2213 404 sumptibus

362 412 557 445 necessaria
579 412 624 444 ad
649 412 850 445 lucrandum
873 413 1147 450 subministrare3
1171 412 1290 445 villam
1312 413 1415 445 etiam
1438 413 1584 446 eandem
1609 414 1763 447 francam
1795 433 1832 438 -
1857 415 1946 448 idest
1975 414 2119 449 liberam
2149 414 2212 447 vil-

363 467 440 505 lam,
465 477 507 499 eo
531 466 626 508 quod
656 467 750 498 omni
772 466 935 509 vectigali
958 466 1013 499 vel
1037 466 1154 499 servili
1177 466 1357 499 exactione
1380 465 1490 499 libera
1517 466 1551 498 in
1581 473 1786 511 perpetuum
1816 469 1910 502 foret
1932 486 1972 492 -
1996 468 2211 506 subtitulare,
2306 487 2314 508 4

367 519 429 552 sed
453 524 488 551 et
510 518 576 550 illis
600 518 874 552 desiderantibus
897 520 1059 562 proprios
1082 529 1184 563 agros
1207 520 1402 563 amicosque
1428 520 1560 559 videre,
1577 519 1722 553 liberam
1736 520 1938 554 facultatem
1954 520 2116 556 abeundi'
2141 531 2210 564 quo
2306 508 2314 523 Ἴ

362 572 492 605 vellent
516 572 697 610 concessit,
721 582 784 614 per
807 578 913 605 totam
937 578 1063 605 terram
1087 583 1183 605 suam
1206 572 1405 606 necessaria
1430 579 1463 605 et
1495 572 1625 616 absque
1656 573 1770 615 pretio
1801 573 1906 607 Phari
1937 574 2116 608 transitum
2150 575 2210 606 tri-
2258 573 2276 606 5
2302 551 2314 625 ἕ

362 626 478 658 buens.
525 625 634 658 Porro
658 625 722 668 ipsi
746 636 824 658 cum
847 625 976 669 gaudio
999 626 1075 659 Deo
1107 632 1142 659 et
1165 625 1283 658 comiti
1311 625 1355 659 de
1371 636 1432 659 sua
1449 626 1654 659 liberatione
1670 626 1800 671 gratias
1816 628 2048 668 conferentes,
2064 627 2210 671 quisque
2302 645 2314 694 ὃ

361 679 396 710 in
418 678 498 711 loca
520 689 591 717 sua,
614 679 795 718 recedunt,
818 689 883 721 per
906 679 1045 712 diversa
1068 689 1251 723 regnorum
1275 679 1395 722 spatia,
1418 686 1520 722 prout
1542 679 1691 712 nationis
1715 686 1823 719 erant,
1839 690 1965 714 nomen
1989 681 2123 715 comitis
2138 691 2209 713 ma-

450 829 565 862 XVII.
590 849 631 853 —
654 830 756 863 Anno
781 841 864 875 ergo
890 830 1011 864 MXCI
1035 831 1210 874 Rogerius
1235 832 1314 870 dux,
1344 836 1466 864 eontra
1497 831 1704 864 Cusentinos
1736 833 1794 864 diu
1825 832 1971 865 rebelles
2000 832 2210 877 indignatus,

362 883 514 916 exercitu
538 883 582 916 ab
606 884 697 916 omni
722 883 850 927 Apulia
882 884 1089 924 coadunato,
1124 885 1231 918 fratre
1262 884 1468 918 Boamundo
1499 895 1616 918 secum
1652 891 1810 928 accepto,
1846 885 1938 928 ipsos
1971 895 2088 918 mense
2117 885 2209 930 majo
2237 886 2276 917 10
2299 903 2303 914 .-

362 937 534 970 obsessum
558 938 609 969 ire
633 938 830 980 disponens,
854 938 1063 971 avunculum
1088 938 1248 972 comitem
1281 950 1301 970 a
1333 938 1463 976 Sicilia,
1488 944 1535 977 ut,
1560 937 1624 970 sibi
1649 938 1813 971 auxilium
1848 938 2007 977 ferendo,
2038 938 2120 972 illuc
2151 948 2210 972 oc-

361 999 501 1023 currere
525 1001 594 1023 non
618 990 774 1030 differat,
801 992 933 1024 invitat.
979 991 1054 1030 Ille,
1079 1002 1194 1024 amore
1219 991 1366 1034 nepotis,
1389 992 1433 1025 ab
1451 992 1543 1025 omni
1562 991 1681 1025 Sicilia
1697 992 1805 1025 multa
1820 991 2072 1025 Saracenorum
2088 991 2211 1025 millia'

363 1044 531 1082 excitans,
554 1043 617 1078 sed
641 1050 675 1077 et
697 1044 842 1077 militum
866 1046 986 1088 copias
1011 1045 1223 1087 conducens,
1247 1055 1315 1089 quo
1339 1045 1549 1079 invitabatur
1571 1046 1666 1078 haud
1689 1045 1844 1090 segniter
1867 1045 2052 1079 accelerat.

451 1098 644 1138 Cusentini,
667 1099 784 1131 hostes
805 1099 989 1132 adversum
1013 1109 1048 1131 se
1071 1099 1267 1132 accelerare
1292 1099 1482 1136 audientes,
1506 1099 1636 1142 seipsos
1658 1099 1750 1132 vallo
1766 1104 1801 1132 et
1816 1099 1922 1131 muris
1936 1099 2102 1139 muniunt,
2115 1109 2211 1132 arma

362 1157 395 1183 et
419 1162 508 1196 quae
533 1151 731 1185 defensioni
755 1152 951 1185 necessaria
975 1159 1084 1190 erant,
1110 1158 1239 1195 aptant,
1263 1158 1417 1195 sumptus
1440 1158 1582 1186 naturae
1606 1153 1822 1185 necessarios
1845 1152 1937 1185 infra
1967 1152 2086 1186 urbem
2116 1162 2209 1186 com·
2237 1151 2275 1184 15
2298 1175 2311 1198 „2

361 1211 510 1247 portant,
535 1205 737 1244 defendere,
761 1207 877 1248 potius
900 1217 1001 1250 quam
1025 1205 1262 1244 succumbere,
1284 1206 1434 1238 invicem
1460 1206 1693 1239 cohortantur.
1740 1206 1817 1238 Dux
1841 1216 1924 1238 vero
1947 1211 1981 1238 et
2004 1215 2120 1239 comes
2134 1215 2210 1239 sese
2301 1198 2304 1199 ⁷

362 1259 512 1292 invicem
526 1259 619 1301 apud
635 1258 835 1292 Cusentium
851 1259 1043 1298 obviantes,
1058 1259 1179 1292 urbem
1195 1259 1350 1301 undique
1365 1259 1503 1292 vallant.
1550 1259 1630 1291 Dux
1644 1259 1829 1301 planiciem
1847 1259 2030 1292 obsidione
2045 1265 2209 1302 occupat;

363 1321 479 1344 comes
501 1319 666 1344 montana
689 1313 936 1352 conscendens,
961 1323 1028 1356 quo
1059 1312 1171 1356 major
1195 1312 1293 1345 labor
1315 1318 1350 1344 et
1372 1313 1479 1345 hostis
1502 1312 1663 1345 infestior
1685 1312 1898 1352 imminebat,
1922 1313 2044 1345 castris
2074 1322 2212 1345 suorum

363 1365 481 1398 urbem
505 1366 618 1409 girare
641 1365 796 1409 imperat.
843 1366 1038 1399 Cusentinis
1060 1366 1177 1410 itaque
1201 1377 1243 1398 ex
1268 1365 1412 1399 consilio
1435 1371 1470 1398 et
1493 1366 1609 1398 edicto
1633 1366 1803 1408 principis
1826 1365 1916 1398 vallo
1940 1372 1975 1398 et
1997 1365 2137 1409 sepibus
2151 1377 2213 1399 un—

363 1419 468 1463 dique
498 1419 635 1459 clausis,
666 1419 887 1480 ingrediendi
910 1419 967 1452 vel
989 1419 1196 1464 egrediendi
1221 1419 1278 1452 vel
1301 1418 1471 1463 quidlibet
1493 1419 1738 1452 introducendi
1766 1419 1934 1452 facultate
1962 1418 2107 1458 sublata,
2133 1419 2210 1462 plu·
2233 1421 2310 1453 20

363 1474 484 1506 timum
501 1473 729 1506 deterrentur.
776 1472 834 1505 Sic
855 1473 949 1518 jugis
971 1472 1173 1512 decertatio,
1198 1478 1373 1506 certamen
1396 1472 1578 1505 assiduum.
1625 1472 1696 1505 Sed
1719 1473 1916 1505 Cusentinis
1931 1473 2042 1516 major
2057 1482 2137 1516 spes
2152 1473 2213 1506 de·
2291 1478 2310 1519 2}

365 1527 558 1560 tensionis
548 1537 584 1559 1n
599 1526 795 1560 fundibulis
811 1532 846 1558 et
861 1527 996 1570 sagittis
1007 1532 1096 1559 erat:
1112 1526 1270 1569 proprius
1286 1526 1466 1563 accedere,
1482 1532 1520 1558 ut
1536 1536 1618 1558 ense
1635 1532 1735 1559 tenus
1750 1537 1827 1558 cum
1844 1526 1967 1560 nostris
1983 1527 2212 1565 decertarent,

365 1580 595 1624 periculosum
619 1579 804 1613 ducebant.

451 1635 562 1668 Porro
587 1644 704 1667 comes
726 1634 899 1667 interdum
925 1634 970 1667 ad
986 1634 1199 1668 deditionem
1215 1635 1332 1667 hostes
1348 1634 1533 1666 mulcendo
1550 1634 1711 1672 blandiri,
1727 1634 1943 1678 frequentius
1957 1634 2213 1667 interminando

366 1690 551 1727 deterrere,
574 1697 653 1721 suos
675 1687 815 1728 instare,
839 1687 979 1726 hortari,
1004 1688 1120 1720 omnia
1144 1687 1340 1725 circumire,
1372 1687 1420 1719 nil
1447 1688 1653 1720 intentatum
1684 1687 1894 1731 relinquere,
1925 1698 2014 1731 quae
2046 1687 2212 1721 facienda
2235 1686 2307 1720 25

366 1748 464 1776 erant
486 1742 582 1785 prior
604 1742 736 1779 adesse,
758 1741 805 1774 ad
829 1746 1006 1774 certamen
1029 1751 1109 1774 suos
1131 1741 1355 1783 praecedere,
1377 1741 1412 1773 in
1435 1742 1636 1774 recedendo
1659 1741 1834 1785 subsequi,
1850 1742 1964 1775 omnia
1980 1742 2143 1786 prudenti
2158 1751 2215 1775 or-

366 1795 542 1830 dinatione
566 1794 756 1837 providere
779 1794 950 1832 studebat,
974 1794 1134 1837 exemplo
1156 1794 1208 1827 sui
1234 1813 1274 1817 -
1300 1794 1346 1826 ad
1371 1804 1460 1838 quae
1484 1795 1649 1827 facienda
1671 1801 1771 1828 erant
1787 1816 1827 1821 —
1845 1805 1965 1828 omnes
1979 1794 2214 1839 vigilantiores

362 1850 522 1883 reddens.
568 1848 749 1881 Cusentini
773 1848 902 1891 itaque,
927 1847 1156 1880 constantiam
1181 1848 1317 1880 comitis
1337 1848 1543 1892 jampridem
1576 1854 1828 1892 cognoscentes
1851 1854 1886 1881 et
1908 1849 2025 1882 hostes
2047 1860 2068 1881 a
2090 1847 2215 1881 finibus

363 1903 434 1936 suis
449 1913 510 1947 spe
533 1902 676 1935 arcendi
702 1899 924 1940 decidentes,
950 1901 1094 1934 consilio
1117 1901 1209 1935 inter
1231 1910 1269 1933 se
1292 1901 1424 1940 habito,
1446 1901 1543 1934 urbis
1561 1901 1785 1941 deditionem,
1802 1902 1829 1933 si
1845 1902 1937 1935 forte
1955 1902 1999 1935 de
2015 1901 2213 1935 offensione
2284 1906 2301 1942 ,j

363 1967 444 1990 suae
461 1955 660 1989 rebellionis
682 1954 819 1988 veniam
843 1965 864 1986 a
886 1954 974 1987 duce
998 1960 1034 1987 et
1056 1954 1182 1988 comite
1206 1960 1412 1993 mereantur,
1438 1961 1559 1997 aptare
1590 1955 1741 1988 student.
1786 1954 1904 1987 Primo
1928 1955 2022 1998 quod
2052 1954 2211 1988 comitem
2235 1943 2302 2005 3οᾗ

364 2008 597 2053 prudentioris
621 2007 756 2041 consilii
780 2008 890 2040 virum
914 2017 990 2040 esse
1003 2007 1169 2049 sciebant,
1186 2013 1222 2040 et
1237 2008 1334 2041 cuius
1349 2007 1568 2041 ordinatione
1583 2008 1700 2042 omnia
1715 2008 1936 2051 regebantur,
1953 2009 2213 2046 conventiones,
2288 2012 2293 2017 '

367 2074 404 2096 se
426 2072 592 2105 suumque
617 2061 798 2095 consilium
821 2060 996 2104 supplices
1028 2061 1057 2094 ei
1092 2061 1323 2100 committunt,
1345 2061 1440 2093 sine'
1464 2061 1543 2104 ipso
1566 2061 1654 2094 nihil
1678 2061 1790 2094 acturi
1813 2072 1834 2093 a
1865 2072 1933 2105 quo
1963 2061 2130 2100 sciebant,
2152 2071 2214 2104 po-

363 2123 497 2161 stquam
520 2115 749 2158 promitteret,
772 2115 847 2147 sine
872 2114 995 2147 fraude
1018 2114 1074 2147 vel
1097 2114 1149 2147 sui
1173 2115 1390 2154 detrimento,
1414 2114 1472 2147 ubi
1484 2114 1584 2147 vitari
1598 2120 1726 2157 posset,
1742 2114 1805 2147 sibi
1824 2115 2005 2148 consilium
2020 2113 2106 2148 dari.
2149 2114 2214 2147 Ille

363 2179 445 2203 vero
470 2179 590 2202 eorum
613 2168 729 2207 verba,
751 2174 790 2201 ut
812 2177 950 2211 semper
973 2168 1050 2210 pius
1074 2173 1108 2200 et
1129 2168 1227 2211 pacis
1250 2173 1394 2207 amator,
1418 2168 1619 2210 suscipiens,
1643 2168 1691 2201 ita
1715 2169 1906 2211 prudenter
1928 2179 2002 2202 rem
2029 2167 2214 2206 ordinavit,
2285 2197 2287 2200 ⁴

361 2230 397 2257 ut
421 2229 455 2257 et
478 2223 550 2256 dux
571 2233 635 2264 pro
652 2221 750 2255 libitu
766 2232 828 2254 suo
844 2221 932 2254 urbe
948 2221 1120 2264 potiretur
1135 2226 1170 2253 et
1186 2220 1367 2254 Cusentini
1384 2221 1484 2254 ducis
1501 2221 1611 2265 gratia
1628 2221 1852 2254 reconciliari
1868 2230 1938 2254 non
1955 2221 2211 2256 fraudarentur.
2236 2219 2299 2254 35

452 2277 542 2316 Dux,
565 2275 728 2309 avunculi
750 2276 803 2308 sui
827 2274 969 2308 consilio
994 2280 1028 2307 et
1051 2274 1264 2313 strenuitate,
1288 2273 1374 2307 urbe
1397 2274 1535 2317 potitus,
1560 2280 1744 2318 antequam
1770 2275 1946 2318 expeditio
1962 2274 2125 2315 solvatur,
2139 2280 2212 2307 arte
2283 2268 2297 2281 ’ς’

363 2329 599 2365 coementaria
621 2335 770 2362 castrum
793 2328 838 2361 ad
861 2327 980 2361 urbem
1005 2339 1025 2360 a
1047 2328 1107 2360 tali
1130 2328 1410 2371 praesumptione
1433 2328 1578 2361 ulterius
1590 2328 1821 2371 prohibenda,
1834 2329 1872 2361 in
1888 2328 2004 2362 altiori
2022 2328 2117 2362 urbis
2129 2327 2213 2373 jugo

365 2386 476 2423 firmat
483 2396 493 2423 ;
517 2382 632 2416 comiti
655 2388 770 2416 autem
793 2392 856 2424 pro
879 2381 1200 2424 recompensatione
1224 2380 1355 2413 servitii
1379 2381 1443 2413 sibi
1468 2380 1619 2420 exhibiti,
1642 2381 1862 2414 medietatem
1886 2380 2096 2415 Cusentiae¹
2120 2381 2214 2415 urbis

2279 1893 2301 1936 ⁵⁴}
2286 1725 2306 1901 Ussfflaessw.
2291 1686 2307 1722 -A
2290 1551 2308 1685 §affige-§w
2292 1503 2308 1541 ς..-ῑ·

458 2526 481 2545 1.
500 2520 566 2545 loco
584 2526 644 2544 uno
662 2526 719 2551 quo
735 2518 765 2543 D
784 2530 816 2536 —
835 2524 860 2550 3.
880 2524 976 2543 omnes
996 2517 1151 2550 vectigales
1170 2523 1219 2549 per
1238 2517 1387 2541 servitium
1406 2516 1437 2540 in
1458 2517 1623 2550 perpetuum
1643 2517 1673 2540 D
1686 2530 1719 2534 —-
1733 2524 1757 2548 4.
1772 2514 1918 2551 proprios]
1932 2517 2086 2550 patriosD
2098 2529 2109 2536 -
2122 2517 2214 2542 visere

369 2563 395 2587 P
410 2575 421 2581 -
439 2561 562 2588 abeundi
580 2569 629 2586 om.
648 2562 677 2586 P
695 2575 725 2580 -
744 2560 770 2586 6,
789 2560 850 2586 Deo
868 2567 917 2584 om.
936 2560 965 2585 P
979 2572 989 2577 -
1008 2558 1160 2584 reserentes
1181 2559 1207 2583 P
1219 2572 1251 2576 -
1267 2558 1322 2589 7-8.
1336 2558 1487 2583 dilatando
1500 2566 1565 2583 cum
1583 2559 1690 2591 gaudio
1711 2559 1738 2583 D
1755 2573 1784 2577 —
1801 2566 1842 2584 xz.
1856 2559 1950 2584 millia
1963 2567 2011 2584 om.
2025 2559 2053 2584 D
2065 2573 2098 2577 —
2113 2566 2154 2592 13.
2168 2559 2213 2584 Da

367 2605 496 2630 excitans
513 2604 667 2629 rtcomincia
685 2603 709 2628 a
724 2604 772 2628 cod
790 2603 816 2628 B
834 2616 867 2621 —-
890 2601 978 2635 14-16.
997 2602 1220 2627 accelerare....
1242 2602 1330 2626 muris
1350 2609 1400 2626 om.
1419 2601 1447 2626 P
1464 2614 1496 2619 —
1518 2601 1559 2626 16.
1579 2608 1646 2626 vero
1666 2609 1715 2626 om.
1741 2602 1767 2626 P
1791 2615 1822 2619 —-
1846 2602 1884 2627 18.
1908 2602 1989 2627 labor
2007 2604 2035 2627 et
2053 2602 2147 2627 hostia
2163 2609 2213 2627 m.

368 2648 431 2673 BD
450 2661 481 2665 —
502 2654 542 2681 ¹9·
562 2646 686 2672 consilio
710 2647 739 2670 et
762 2653 811 2670 ona.
836 2645 900 2670 BD
919 2658 951 2662 -
976 2651 1018 2670 20.
1042 2644 1211 2676 egrediendi
1230 2644 1275 2668 vel
1295 2642 1451 2676 quidlibet]
1471 2644 1582 2676 aliquid
1602 2644 1627 2667 B
1653 2658 1685 2661 —
1706 2650 1748 2669 21.
1768 2646 1907 2670 certamen
1929 2645 2072 2670 assiduum
2090 2651 2140 2669 on.
2157 2644 2184 2668 B
2201 2657 2212 2662 -

367 2732 429 2757 BD
447 2746 458 2751 -
478 2733 630 2757 occasione
648 2731 674 2756 B
699 2743 732 2749 —
757 2737 800 2763 30,
826 2730 928 2763 aptant
944 2728 1007 2754 PC
1025 2743 1056 2747 —
1076 2734 1167 2761 32-33.
1194 2728 1357 2760 priusquam
1386 2728 1413 2752 D
1432 2742 1465 2746 —-—-
1485 2728 1528 2760 36.
1554 2729 1679 2753 oonsilio
1698 2731 1725 2753 et
1745 2737 1793 2753 om.
1812 2730 1841 2754 P
1858 2743 1889 2747 ——
1909 2735 1953 2761 37.
1972 2729 2146 2762 prohibenda
2163 2736 2212 2754 m.

367 2774 429 2799 BD
449 2788 480 2792 —
500 2774 541 2806 38.
562 2771 728 2805 Cusentlae]
748 2773 964 2798 Pansemitanae
983 2771 1022 2802 1³3
1043 2770 1266 2795 Panormitanae
1289 2771 1312 2794 C

458 2861 466 2878 ¹
487 2862 533 2886 Un
552 2869 664 2895 gruppo
684 2862 712 2886 di
734 2861 826 2886 codici
846 2859 887 2893 (P
902 2868 916 2884 e
938 2857 971 2891 C)
989 2859 1052 2884 dice
1065 2858 1211 2888 Palermo;
1225 2867 1262 2884 un
1319 2859 1443 2884 fornisce
1468 2859 1526 2884 alla
1545 2859 1599 2884 fine
1626 2859 1670 2884 del
1691 2859 1827 2892 capitolo.
1866 2849 1886 2883 ὲ
1906 2867 1973 2884 vero
1999 2859 2050 2884 che
2071 2858 2118 2884 nel
2138 2861 2216 2893 capi-

369 2905 491 2928 secoudo
510 2903 549 2936 (Β
567 2912 581 2928 e
600 2903 642 2936 D)
660 2903 796 2929 Cosenza.
834 2903 953 2928 Accetto
975 2903 1003 2927 la
1022 2903 1132 2928 lezione
1151 2903 1180 2927 di
1200 2910 1264 2935 que-
1320 2903 1382 2927 tolo
1401 2902 1480 2927 XLII
1499 2903 1543 2927 del
1564 2902 1596 2928 L.
1623 2903 1663 2928 111
1683 2904 1740 2936 egli
1766 2904 1801 2928 ha
1828 2903 1906 2928 detto
1927 2903 1977 2928 che
2004 2903 2024 2927 il
2050 2903 2121 2928 duca
2140 2902 2215 2935 Rug-

370 2989 420 3014 che
440 2990 459 3014 ll
481 2991 564 3015 conte
582 2990 728 3023 Ruggiero
748 2991 783 3014 ha
803 2990 883 3021 agito
902 2988 991 3013 finora
1010 2988 1045 3013 da
1065 2989 1194 3013 assoluto
1218 2995 1265 3022 pa·
1323 2999 1356 3015 va
1383 2993 1475 3017 inteso
1497 2993 1540 3016 nel
1569 3000 1651 3018 senso
1670 2993 1719 3017 che
1739 2993 1763 3017 si
1790 2994 1830 3017 sia
1856 2994 1976 3017 trattato
1997 2992 2071 3018 della
2091 2989 2164 3018 meta
2186 2991 2216 3017 dl

369 3031 458 3055 drone
476 3031 627 3061 nell'isola,
647 3033 735 3057 anche
754 3032 802 3057 dai
821 3032 1000 3057 chiarimenti
1022 3032 1071 3056 che
1091 3031 1112 3055 il
1126 3030 1164 3056 M.
1178 3033 1266 3058 stesso
1322 3034 1391 3066 ogni
1411 3033 1483 3059 cittii
1501 3034 1650 3066 calnbrese,
1673 3035 1746 3059 sulla
1767 3035 1858 3067 quale,
1878 3033 1965 3059 com’e
1991 3036 2066 3060 stato
2090 3032 2138 3067 gii
2158 3034 2216 3059 det·
2272 3028 2281 3053 ’ἶ
