2314 3418
320 222 369 258 ¹30
899 219 1176 255 GAUFREDI
1206 218 1584 255 MALATERRAE
1602 231 1612 242 2
1995 226 2046 260 ΙΑ.
2068 229 2161 262 108⁷]

406 345 515 377 Porro
538 344 596 376 ille
621 343 804 376 ecclesiam
829 342 941 374 minus
964 342 1102 380 cultam,
1125 347 1246 384 utpote
1274 352 1295 374 a
1325 341 1485 375 faucibus
1515 342 1718 376 incredulae
1750 344 1862 387 gentis
1892 350 2023 378 erutam
2055 344 2160 378 susci-

320 399 427 440 piens,
452 397 612 430 Marthae
634 395 718 439 juris
742 395 865 428 studiis
888 395 998 438 primo
1022 394 1211 427 studiosius
1231 394 1428 433 inhaerens,
1451 394 1561 433 brevi,
1584 396 1768 429 ecclesiam
1783 397 1941 431 omnibus
1956 398 2162 432 necessariis

318 450 524 493 provehens,
555 449 601 481 ad
633 447 765 480 Mariae
797 447 893 480 vices
924 458 1002 480 cum
1036 447 1175 479 Martha
1207 446 1430 490 exequendas
1462 447 1615 480 transiit:
1647 450 1895 482 monachorum
1925 451 2059 483 turbam
2091 460 2160 483 non

317 503 486 536 modicam
510 501 576 534 sibi
601 500 811 538 coadunans,
836 500 1012 532 districtae
1035 499 1177 542 regulae
1200 500 1296 543 jugo,
1320 499 1427 532 verbo
1451 505 1486 532 et
1510 500 1668 543 exemplo
1691 501 1842 542 subesse,
1864 508 1902 536 ut
1917 503 2028 536 fidelis
2043 509 2159 545 pastor

317 555 443 599 coegit.
2206 556 2224 589 5
2274 592 2276 597 ,

405 653 499 686 VIII.
527 671 562 675 —
590 652 641 684 Ea
664 657 869 694 tempestate
894 651 1085 694 Philippus,
1108 661 1171 683 rex
1188 652 1411 690 Francorum,
1428 662 1570 684 uxorem
1587 651 1719 684 habens
1734 652 1920 696 legitimam
1937 660 1972 687 et
1987 655 2160 697 praeclari

315 707 461 751 generis,
487 706 625 739 Bertam
651 706 798 742 nomine,
822 715 864 738 ex
888 715 956 748 qua
979 710 1182 747 susceperat
1205 704 1321 742 filium,
1349 705 1488 738 nomine
1519 705 1747 744 Ludovicum,
1779 707 1837 739 cui
1867 708 1970 740 etiam
2001 707 2045 740 ab
2075 708 2160 751 ipsis

314 760 529 794 incunabulis
553 770 695 803 regnum
721 765 800 801 post
822 769 858 790 se
882 757 1010 791 habere
1035 758 1291 801 designaverat,
1315 764 1437 792 contra
1458 758 1513 802 jus
1537 758 1709 803 legitimae
1734 761 1987 805 conjunctionis
2017 771 2155 794 exosam

312 814 442 847 habere
467 813 601 856 coepit:
629 820 662 845 et
686 825 706 845 a
729 824 766 845 se
790 818 912 845 contra
935 812 1107 849 Canones,
1130 811 1284 844 libellum
1307 811 1444 854 repudii
1475 811 1647 851 conando,
1679 813 1862 855 repellere,
1891 814 1975 847 nihil
2007 815 2161 847 criminis
2308 852 2310 854 ,

152 879 179 904 ε,
195 884 241 902 η
316 868 465 911 objecto,
488 873 657 909 execepto
681 866 775 909 quod
799 865 1136 908 consanguinitatem
1160 864 1263 898 falso'
1287 866 1517 898 adnumerare
1540 866 1707 905 tentabat,
1731 876 1798 899 nec
1820 873 1967 909 poterat.
2013 867 2081 901 Hic
2113 868 2161 900 le-
2187 868 2226 900 10
2271 902 2273 906 ,

313 927 413 965 gatos
436 931 525 959 suos,
548 921 643 962 apud
666 918 833 957 Siciliam,
858 919 904 950 ad
929 918 1088 950 comitem
1113 918 1277 962 dirigens,
1293 918 1397 951 filiam
1422 919 1506 958 eius,
1522 919 1659 952 nomine
1682 919 1845 958 Emmam,
1863 931 1964 963 quam
1980 920 2025 953 de
2048 921 2161 964 prima

312 985 419 1008 uxore
435 974 578 1018 Judicta
593 972 754 1011 habebat,
771 972 956 1005 admodum
972 971 1166 1014 speciosam
1182 972 1346 1014 puellam,
1363 972 1430 1005 sibi
1447 972 1484 1004 in
1499 972 1756 1005 matrimonium
1772 973 2001 1016 copulandam
2018 974 2158 1018 expetit.

312 1029 438 1061 Comes
459 1038 553 1064 vero,
578 1027 722 1065 fraudis,
738 1036 839 1069 quam
856 1026 1024 1058 adversus
1038 1024 1227 1069 legitimam
1243 1035 1386 1058 uxorem
1403 1026 1541 1069 agebat,
1556 1026 1708 1069 ignarus,
1722 1037 1801 1059 cum
1816 1027 1931 1060 multis
1945 1027 2160 1070 sponsalibus

313 1093 349 1114 se
372 1081 438 1114 sibi
469 1081 628 1113 daturum
660 1079 850 1116 concessit5
882 1084 1079 1122 statutoque
1110 1079 1268 1118 termino,
1298 1079 1443 1112 navibus
1472 1079 1659 1122 apparatis,
1692 1091 1767 1112 eam
1791 1091 1899 1124 usque
1924 1081 1969 1114 ad
1993 1081 2159 1114 Sanctum

153 1146 176 1166 c.
195 1152 238 1169 ιιι·
315 1133 490 1178 Egidium'
515 1145 592 1167 cum
614 1133 773 1176 pluribus
796 1132 1036 1165 thesaurorum
1060 1132 1201 1171 exeniis,
1225 1143 1294 1176 quo
1318 1143 1378 1165 rex
1394 1143 1430 1165 se
1448 1132 1587 1165 obvium
1603 1134 1678 1166 fieri
1694 1132 1837 1172 dixerat,
1861 1135 2033 1168 maritimo
2055 1144 2160 1168 cursu
2186 1135 2222 1167 15

313 1187 524 1221 transmittit.
570 1186 733 1220 Habebat
757 1186 861 1219 etiam
884 1184 1048 1218 fiduciam
1072 1185 1108 1218 in
1131 1186 1258 1219 comite
1290 1186 1443 1219 eiusdem
1474 1185 1691 1226 Provinciae,
1722 1187 1944 1231 Raymundo‚
1966 1188 2061 1231 quod
2083 1197 2159 1222 eam

311 1243 387 1287 regi
408 1243 553 1274 honeste
578 1241 815 1284 consignaret:
840 1250 920 1272 nam
942 1244 978 1272 et
999 1240 1075 1282 ipse
1100 1240 1200 1272 aliam
1234 1239 1337 1272 filiam
1369 1240 1504 1274 comitis
1531 1240 1733 1284 jamdudum
1756 1240 1902 1273 duxerat
1923 1241 1958 1273 in
1980 1251 2124 1274 uxorem
2138 1241 2159 1275 ¹.

399 1296 480 1329 Rex
503 1305 598 1334 vero,
623 1304 807 1338 pravorum
831 1292 976 1326 consilio
999 1304 1091 1331 usus,
1115 1294 1160 1326 ad
1183 1294 1271 1326 haec
1295 1293 1477 1333 nitebatur,
1508 1299 1555 1333 ut,
1587 1294 1756 1327 thesauris
1786 1295 1966 1338 susceptis,
1998 1295 2159 1328 comitem

312 1350 357 1383 de
380 1349 450 1382 filia
472 1358 542 1381 non
565 1347 729 1380 ducendo
751 1346 959 1379 ludificaret·
1005 1346 1114 1379 Porro
1139 1356 1257 1379 comes
1279 1346 1521 1391 Raymundus,
1544 1347 1637 1391 regis
1667 1347 1791 1381 fraude
1824 1353 2012 1390 comperta,
2042 1347 2160 1391 coepit

309 1409 346 1436 et
366 1403 442 1446 ipse
464 1401 685 1434 nihilominus
707 1400 810 1433 aliam
835 1400 996 1433 fraudem
1021 1401 1272 1445 conjecturare,
1294 1399 1458 1433 videlicet
1481 1406 1528 1440 ut,
1544 1400 1693 1442 puellam
1711 1400 1925 1434 dissimulata
1940 1401 2066 1434 fraude
2081 1411 2158 1434 cum
2181 1403 2224 1435 20

309 1458 442 1489 honore
465 1455 668 1498 suscipiens,
693 1454 793 1487 alteri
816 1453 927 1496 probo
951 1453 1024 1486 viro
1046 1454 1084 1485 in
1105 1453 1362 1486 matrimonium
1385 1453 1619 1498 consignaret,
1636 1454 1710 1496 ipse
1724 1464 1808 1486 vero
1824 1463 1960 1486 omnem
1975 1455 2159 1498 pecuniam

310 1515 502 1553 usurparet.
549 1508 623 1542 Sed
645 1508 836 1550 prudentes
859 1507 936 1545 viri,
958 1517 1045 1552 quos
1069 1517 1187 1540 comes
1209 1518 1287 1540 cum
1310 1507 1381 1539 filia
1403 1507 1553 1546 miserat,
1578 1517 1684 1550 prece
1707 1507 1823 1550 pullae
1853 1507 2004 1550 pecunia
2034 1517 2158 1551 expor-

309 1569 391 1602 tata,
414 1563 575 1596 fraudem
598 1571 688 1606 quae
705 1561 873 1605 agebatur
890 1561 1155 1603 comperientes,
1172 1561 1333 1594 anchoris
1349 1560 1525 1599 extractis,
1542 1561 1620 1593 vela
1636 1561 1747 1594 ventis
1762 1561 2027 1602 committentes,
2042 1561 2159 1604 puella

310 1627 389 1650 cum
411 1616 538 1650 sororis
560 1616 684 1649 marito
707 1615 842 1653 relicta,
866 1614 1005 1657 placida
1028 1624 1112 1647 aura
1134 1614 1299 1652 sufflante,
1324 1624 1402 1647 cum
1434 1614 1700 1657 pretiosioribus
1730 1614 1897 1647 thesauris
1923 1614 1968 1647 ad
1995 1615 2158 1648 comitem

309 1672 344 1703 in
367 1670 525 1704 Siciliam
547 1675 778 1702 revertuntur.
2179 1669 2222 1703 2⁵
2301 1671 2303 1702 :3

396 1724 524 1758 Comes
546 1734 630 1756 vero
653 1723 894 1767 Raymundus,
919 1723 1055 1760 fraude,
1079 1733 1181 1765 quam
1206 1721 1481 1762 machinabatur,
1505 1731 1548 1755 ex
1563 1727 1662 1765 parte
1679 1722 1853 1761 frustatus,
1870 1721 2021 1764 puellam
2037 1722 2157 1756 comiti
2254 1713 2257 1718 ’

307 1776 560 1811 Claromontis²
583 1776 754 1820 legalibus
776 1776 906 1819 nuptiis
930 1775 1114 1819 copulavit.
1162 1775 1289 1819 Sicque
1312 1775 1386 1808 sola
1408 1775 1475 1808 Dei
1500 1775 1727 1818 dispositione
1757 1775 1958 1809 solemniter
1987 1776 2156 1816 maritata,

143 1843 174 1867 D,
189 1843 249 1863 1281!
313 1837 348 1864 et
371 1836 471 1874 pater
494 1830 697 1873 opprobrio,
720 1829 815 1874 quod
838 1840 900 1862 rex
922 1829 1197 1867 machinabatur,
1220 1835 1254 1862 et
1277 1828 1573 1862 filia'inordinata
1590 1834 1625 1862 et
1641 1835 1761 1861 contra
1775 1828 1838 1871 jus,
1856 1829 2014 1873 quamvis
2035 1829 2156 1873 regali,

308 1884 528 1927 copulatione
551 1883 727 1917 liberatur.

394 1982 457 2015 IX.
483 2001 522 2005 -
547 1981 687 2014 Mihera
709 1992 805 2021 vero,
829 1981 919 2014 filius
935 1982 1093 2025 Hugonis
1109 1981 1242 2021 Falloc,
1258 1982 1310 2013 vir
1326 1992 1471 2024 magnae
1495 1980 1656 2019 levitatis,
1680 1981 1742 2013 sed
1758 1980 2031 2024 elegantissimus
2045 1980 2156 2020 miles,
2179 1981 2222 2013 30
2257 1969 2260 1998 Ῑ
2298 1969 2299 1974 ’

307 2037 408 2069 laeva
429 2045 495 2079 pro
521 2036 665 2068 dextera
686 2040 798 2074 utens,
820 2034 981 2068 Roberto
1005 2036 1097 2068 duce
1120 2035 1302 2073 defuncto,
1318 2035 1354 2066 in
1369 2035 1589 2067 insolentiam
1604 2043 1842 2076 prorumpens,
1860 2033 1992 2066 vicinos
2007 2033 2156 2067 circum-

123 2101 197 2125 imus,
216 2107 253 2126 593
306 2098 444 2133 quaque
467 2098 504 2122 se
527 2088 669 2132 praedis
693 2094 728 2121 et
758 2087 905 2122 diversis
935 2087 1192 2122 incursionibus
1221 2087 1426 2121 lacessendo
1451 2093 1616 2130 appetere
1641 2086 1766 2129 coepit.
1813 2085 2021 2120 Possidebat
2051 2086 2155 2119 'enim

308 2149 392 2176 tunc
415 2142 585 2186 temporis
608 2147 724 2175 castra
746 2141 812 2174 sibi
837 2153 858 2174 a
880 2147 980 2184 patre
1003 2141 1265 2175 haereditaliter
1288 2141 1420 2181 relicta,
1444 2141 1685 2174 Catanzarium
1709 2146 1743 2172 et
1758 2139 1957 2173 Roccam³:
1981 2140 2058 2183 plus
2073 2150 2155 2173 vero

305 2196 408 2229 armis
429 2195 597 2235 ambiens,
620 2195 723 2227 etiam
746 2195 782 2229 in
806 2195 882 2238 ipso
905 2195 996 2228 duce
1019 2203 1254 2238 praesumens,
1270 2200 1431 2234 castrum,
1448 2194 1543 2238 quod
1558 2193 1654 2237 Maja
1671 2194 1807 2233 dicitur,
1825 2193 2011 2227 traditione
2027 2193 2155 2227 civium
2255 2231 2258 2234 ¹

305 2249 370 2283 sibi
392 2259 572 2293 usurpans,
603 2248 772 2292 irrumpit.
818 2247 891 2282 Sed
921 2250 990 2282 suis
1021 2248 1151 2282 viribus
1181 2247 1310 2281 auxilia
1340 2247 1471 2281 addere
1504 2248 1633 2286 volens,
1666 2247 1872 2286 Boamundi,
1895 2247 2013 2280 fratris
2043 2247 2154 2286 ducis,
2175 2248 2218 2280 35
2251 2257 2257 2286 j·

397 2370 445 2388 1-2,
466 2363 613 2388 ecclesiam
624 2380 632 2388 .
643 2380 650 2387 .
662 2382 685 2387 ..
705 2363 785 2388 brevi
803 2371 853 2387 om.
873 2364 900 2387 D
920 2377 951 2381 -
973 2370 996 2388 2.
1015 2363 1126 2388 Martae
1143 2370 1191 2388 om,
1211 2363 1271 2388 PC
1288 2375 1322 2379 --
1341 2369 1365 2393 3.
1385 2361 1576 2393 exequendam
1596 2361 1623 2385 P
1634 2375 1667 2379 —
1686 2367 1741 2392 3-4.
1754 2367 1812 2384 non
1827 2360 1967 2384 modIcam
1978 2366 2027 2384 on.
2041 2360 2107 2385 BD
2119 2373 2151 2377 —

307 2414 331 2439 7.
349 2404 540 2440 Ludovicum]
554 2405 781 2431 Leudovislnum
795 2406 833 2433 P;
848 2406 1051 2430 Leoconisium
1065 2406 1127 2430 BD
1143 2419 1174 2423 -
1189 2404 1244 2437 7-8.
1257 2405 1291 2429 ab
1305 2405 1376 2438 ipsis
1390 2401 1585 2437 incunabulis]
1600 2403 1634 2427 ab
1647 2403 1780 2427 omnibus
1794 2402 1949 2427 curialibus
1960 2402 2031 2427 Ρ-
2044 2409 2069 2435 9.
2082 2401 2152 2427 fecit

303 2450 332 2474 P
351 2461 361 2467 -
381 2450 483 2474 contra
501 2447 653 2473 Canonum
672 2449 779 2473 statuta
798 2447 898 2472 libello
919 2447 1030 2481 repudii
1051 2450 1172 2472 conatur
1194 2447 1252 2473 PC
1268 2461 1300 2464 —
1323 2453 1364 2471 10.
1385 2446 1610 2478 sanguinitatem
1629 2446 1658 2470 P
1675 2458 1708 2463 —
1730 2451 1769 2469 11.
1788 2452 1854 2469 suos
1872 2451 1921 2469 om.
1941 2444 1969 2469 P
1984 2457 1995 2463 ·
2013 2442 2151 2478 Emmam]

305 2491 435 2516 Eminam
454 2491 483 2516 Ρ
499 2504 531 2508 -
553 2497 594 2515 12.
613 2496 710 2519 uxore,
729 2490 885 2522 speciosam
905 2490 1029 2522 puellam
1049 2490 1177 2522 habebat,
1193 2490 1249 2514 sibi
1262 2490 1290 2515 P
1301 2502 1333 2507 —
1350 2496 1390 2520 13.
1405 2495 1501 2512 versus
1513 2488 1560 2513 P·
1573 2485 1684 2520 agebat]
1698 2487 1818 2512 habebat
1830 2487 1859 2511 Ρ
1870 2500 1902 2504 -
1918 2485 1957 2511 16.
1970 2486 2152 2519 Habebntque

264 2541 277 2565 5
306 2533 351 2558 fid.
370 2534 399 2559 Ρ
413 2547 447 2551 -
470 2538 510 2565 17.
528 2533 560 2558 in
580 2539 698 2557 uxorem
717 2539 766 2556 orn.
786 2533 814 2557 P
831 2546 864 2550 —-
883 2531 928 2556 18.
942 2533 970 2556 et
984 2533 1120 2557 comitem
1139 2532 1200 2558 PC
1219 2545 1251 2550 —
1275 2538 1315 2564 19.
1334 2532 1413 2563 regia
1429 2530 1456 2555 P
1471 2543 1499 2547 —
1515 2537 1556 2555 21.
1576 2530 1721 2562 excipiens
1741 2529 1826 2553 alicui
1847 2529 1937 2561 probo
1957 2529 1988 2553 in
2012 2529 2039 2553 Β
2057 2541 2089 2547 -
2109 2534 2151 2554 22-

303 2574 374 2606 filia]
394 2575 507 2600 familia
525 2575 554 2599 P
569 2588 602 2593 ——
623 2580 712 2606 22—23.
732 2580 814 2606 prece
824 2590 831 2598 .
843 2593 847 2598 .
859 2589 868 2598 .
878 2592 884 2598 .
903 2575 1052 2606 exportata
1065 2581 1113 2598 om.
1130 2576 1158 2598 D
1172 2587 1203 2592 -—
1219 2581 1262 2606 24·
1275 2580 1339 2598 cum
1357 2579 1456 2597 sorore
1475 2572 1575 2596 relicta
1589 2572 1616 2596 P
1627 2585 1635 2589 -
1650 2571 1820 2603 suffragante
1838 2571 1903 2595 BD
1915 2583 1948 2589 --
1963 2569 2005 2595 26.
2017 2578 2052 2595 ex
2070 2571 2151 2603 parte

302 2625 351 2642 om.
372 2619 437 2642 BD
456 2630 488 2636 --
509 2622 552 2649 ²¹7-
571 2618 786 2649 dispensatione
808 2617 834 2640 P
850 2630 881 2633 —
903 2615 994 2649 28-29.
1013 2618 1041 2641 et
1060 2619 1161 2642 contra
1173 2636 1178 2641 .
1190 2633 1197 2641 .
1209 2634 1233 2641 ..
1253 2616 1437 2648 copulatione
1449 2623 1498 2639 om.
1519 2615 1604 2639 BD·
1617 2614 1701 2645 legali
1722 2614 1792 2637 P—
1808 2620 1850 2647 30.
1863 2613 1953 2638 Miera
1965 2613 2050 2645 eJera
2063 2613 2128 2638 BD
2141 2625 2150 2630 -

302 2659 409 2684 Foloch
422 2660 465 2691 1²3
479 2659 574 2684 Fullet
596 2660 659 2684 BD
681 2673 711 2678 --
732 2664 773 2692 3²·
794 2665 823 2683 se
841 2665 889 2682 om.
912 2658 971 2682 PC
982 2671 1014 2676 ——
1029 2665 1072 2690 33.
1087 2658 1304 2684 Catanziarium
1323 2658 1381 2682 PC
1399 2673 1431 2676 —
1446 2664 1488 2689 34.
1504 2658 1565 2689 ipso
1579 2657 1665 2680 etiam
1678 2657 1706 2680 P
1718 2669 1726 2673 -
1741 2656 1826 2680 etlam
1841 2654 1895 2679 sibi
1910 2654 2067 2679 traditione
2088 2655 2151 2680 BD

304 2761 326 2785 11
347 2761 469 2787 secondo
487 2762 550 2786 doc.
569 2760 584 2787 'e
604 2769 659 2787 una
678 2761 757 2786 bolla
776 2761 805 2786 di
826 2760 941 2786 Urbano
961 2760 986 2785 11
1005 2760 1050 2785 del
1069 2768 1086 2792 9
1107 2768 1201 2785 marzo
1258 2761 1331 2786 sulla
1351 2760 1422 2785 citta
1441 2760 1470 2784 di
1494 2759 1625 2784 Cntania.

247 2808 277 2825 10
306 2810 387 2836 1092:
407 2811 460 2828 con
479 2811 540 2828 essa
558 2805 583 2828 si
602 2804 682 2829 eleva
701 2812 716 2828 a
736 2810 857 2828 vescovo
876 2802 904 2827 di
925 2801 1049 2827 Catanitz
1067 2803 1099 2827 lo
1111 2804 1200 2827 stesso
1348 2801 1355 2817 ¹
1376 2802 1420 2828 Cf.
1442 2802 1463 2826 il
1483 2809 1545 2834 cap.
1563 2801 1643 2826 XXII
1662 2801 1706 2825 del
1728 2801 1815 2825 Libro
1838 2799 1885 2824 111.

304 2846 384 2870 abate
402 2845 546 2879 Angerio;
566 2846 602 2871 cf.
624 2845 750 2877 Gutum,
776 2845 937 2870 Documenti
953 2847 1006 2876 'per
1023 2847 1121 2869 servire
1145 2845 1200 2869 alla
1346 2843 1357 2860 ²
1376 2845 1490 2870 Andate
1510 2846 1540 2869 in
1560 2844 1639 2868 fumo
1658 2844 1685 2868 le
1699 2850 1784 2868 nozze
1798 2849 1852 2867 con
1865 2841 1982 2875 Filippo
1997 2841 2008 2865 1
2023 2841 2050 2866 di
2065 2839 2152 2865 Fran—

304 2887 393 2912 Storta
405 2889 436 2912 dx·
453 2888 549 2913 Sicilia
567 2889 624 2918 cit„
645 2889 704 2914 vol.
723 2887 824 2917 XVIII,
843 2895 870 2921 p.
885 2894 945 2912 201.
982 2886 1017 2912 V.
1036 2887 1063 2911 le
1075 2894 1200 2912 osserva-
1257 2888 1309 2916 cin,
1329 2888 1427 2912 Emma
1446 2886 1532 2919 spos&
1552 2886 1716 2919 Guglielmo
1734 2885 1776 2910 111
1795 2885 1824 2909 di
1845 2883 2001 2909 clermont.

305 2930 380 2953 zioni
401 2930 446 2954 del
466 2929 594 2961 cisun,
611 2933 651 2962 op.
669 2931 723 2959 cit„
738 2939 765 2963 p.
778 2929 831 2962 614
844 2937 904 2963 sgg.
918 2930 992 2954 circs
1006 2928 1133 2954 l'unione
1151 2929 1197 2954 dei
1344 2927 1355 2944 ³
1374 2929 1471 2954 Rocca
1490 2928 1616 2959 FalIuca,
1635 2929 1702 2961 oggi
1723 2934 1891 2961 scomparsa,
1912 2927 1940 2951 in
1961 2933 2042 2958 prov.
2054 2926 2084 2951 di
2098 2923 2151 2951 Ca·
2181 2932 2214 2949 20
2239 2920 2243 2950 J

305 2971 358 2995 due
381 2970 456 2996 offici
476 2972 506 2996 di
528 2973 610 2997 abate
630 2981 643 2997 e
662 2973 691 2998 di
713 2980 834 2997 vescovo
853 2971 928 2997 nella
946 2978 1067 3006 persona
1087 2971 1117 2996 di
1136 2971 1196 2996 An·
1255 2973 1383 2997 tanzaro.
1410 2971 1424 2996 Ι
1436 2972 1564 3002 Fallech,
1578 2972 1627 2996 che
1641 2971 1765 2996 l'ebbero
1778 2970 1809 2994 in
1823 2969 1909 2994 feudo
1923 2976 1938 2993 e
1950 2968 1977 2993 le
1990 2968 2151 2993 lucian-ono

246 3019 275 3044 15
305 3014 393 3045 gerlo,
413 3022 427 3038 e
447 3014 521 3039 sulla
539 3013 653 3048 potesta
672 3016 829 3048 temporale
848 3014 899 3040 che
918 3023 933 3039 a
952 3015 1052 3047 questo
1080 3015 1109 3038 su
1129 3015 1196 3039 data
1254 3014 1276 3038 ll
1298 3021 1388 3043 nome,
1409 3022 1496 3039 erano
1516 3021 1572 3038 una
1591 3014 1664 3039 delle
1684 3015 1763 3038 tante
1784 3011 1914 3044 famiglie
1933 3018 2098 3036 normanus.
