2320 3424
220 470 243 495 C,
259 472 306 491 16r

220 1953 305 1977 B,11v

222 2112 246 2137 C,
261 2114 308 2133 16v

204 2588 278 2612 Mus„
293 2589 332 2613 5⁶⁶

208 2641 239 2665 D,
254 2647 313 2666 1⁰6¹¹

373 233 419 268 38
948 227 1221 264 GAUFREDI
1248 225 1628 262 MALATERRAE
2037 229 2088 265 [Α.
2109 231 2203 265 10⁶2]

375 354 390 370 ‘⁴
404 354 531 387 dictam
555 362 664 384 meam
688 351 786 384 vobis
815 350 1011 383 infestiores
1042 349 1279 381 exardescent.
1327 347 1415 380 Sunt
1446 347 1595 390 denique
1625 347 1710 379 mihi
1740 346 1928 381 fidelissimi
1958 346 2093 386 milites,
2124 353 2204 380 sunt
2227 363 2230 367 ·

377 408 391 424 ‘⁴
404 407 538 443 fratres,
562 410 639 437 sunt
662 403 918 447 consanguinei,
942 402 1076 445 quibus,
1100 402 1128 434 si
1152 399 1360 445 perjurando
1384 410 1446 433 vos
1468 409 1587 432 manus
1609 405 1740 433 vestras
1763 410 1840 433 meo
1871 400 2037 444 sanguine
2067 399 2202 442 pollue-

380 462 393 477 “
406 459 487 497 ritis,
511 458 605 490 nulla
626 457 712 489 ratio
734 455 977 488 reconciliare'
1000 455 1135 497 poterit.
1183 454 1253 487 Sed
1277 460 1313 488 et
1334 453 1543 496 ubicumque
1564 458 1732 486 terrarum
1748 453 1816 487 hoc
1831 465 1852 487 a
1866 453 1965 487 vobis
1980 454 2111 486 factum
2126 463 2204 496 per-

377 515 391 530 “
404 511 566 550 sonuerit,
589 509 810 552 opprobrium
833 508 1088 550 sempiternum,
1111 513 1254 550 propter
1275 506 1471 549 perjuriam,
1495 516 1572 539 cum
1596 506 1690 539 omni
1713 507 1930 539 successione
1946 507 2085 550 generis
2098 505 2203 539 vestri

376 564 594 601 “incuti-etis,
617 562 817 605 praesertim
841 562 870 594 si
893 561 965 593 sine
991 561 1200 593 discussione
1224 559 1367 602 aliquod
1389 558 1642 603 praejudicium
1666 569 1848 602 perpessus
1870 560 1971 593 fuero
1999 570 2019 592 a
2047 558 2168 592 vobis!
2185 583 2200 600 ,,
2248 556 2266 590 5

371 616 514 649 Talibus
537 615 662 653 verbis,
685 614 879 647 faventibus
902 614 969 647 sibi
990 613 1258 656 sapientioribus
1280 612 1384 651 urbis,
1407 611 1559 655 ignobile
1582 612 1715 656 vulgus,
1741 612 1888 645 tumultu
1917 612 2047 651 sedato,
2077 611 2203 644 ducem

370 671 407 703 in
430 670 602 712 captione,
627 669 738 702 donec
762 668 845 711 quid
868 668 912 700 de
934 668 1009 710 ipso
1033 667 1231 700 faciendum
1254 666 1298 698 sit
1320 665 1500 699 consilium
1524 666 1673 708 capiant,
1697 671 1838 709 ponunt.

458 776 573 809 XXV.
600 795 638 799 —
662 775 843 808 Exercitus
864 775 980 818 itaque
1003 774 1114 813 ducis,
1139 774 1196 817 qui
1221 778 1318 806 extra
1339 779 1473 816 portam
1503 772 1652 805 tentoria
1683 773 1814 813 fixerat,
1846 771 1962 806 audito
1992 773 2116 806 ducem
2145 772 2206 807 tali

370 830 557 863 infortunio
580 830 617 862 in
640 829 837 871 captionem
861 829 1047 866 detrusum,
1071 827 1224 870 undique
1247 825 1384 865 turbati,
1408 826 1499 865 dum,
1523 826 1607 869 quid
1622 825 1820 859 faciendum
1837 826 1880 858 sit
1895 825 2100 865 dubitantes,
2114 826 2206 860 inter

370 895 406 917 se
430 884 615 925 disputant,
638 883 786 920 tandem,
809 882 942 914 meliori
967 881 1108 913 consilio
1132 885 1287 922 accepto,
1308 889 1373 922 per
1394 879 1527 923 legatos
1550 879 1668 912 comiti
1690 879 1790 911 fratri
1804 879 1854 911 rei
1871 884 2031 912 eventum
2046 879 2205 912 intimare
2231 879 2272 911 10
2309 919 2312 920 ⁷

371 936 578 969 accelerant.
623 934 787 968 Sciebant
811 935 938 977 quippe
962 933 1171 976 legalitatem
1195 933 1299 965 animi
1323 932 1406 970 eius,
1435 938 1480 971 et,
1503 932 1670 975 quamvis,
1694 931 1958 965 conventionem
1981 942 2075 964 suam
2099 942 2205 975 expe-

371 990 489 1028 tendo,
512 999 628 1021 versus
650 989 791 1020 fratrem
816 987 962 1030 aliquam
987 987 1255 1019 controversiam
1286 985 1492 1024 ostenderet,
1523 992 1650 1024 tamen,
1680 985 1717 1018 in
1748 984 2027 1018 consideratione
2057 995 2205 1018 consan-

372 1043 559 1088 guinitatis,
582 1043 726 1075 fratrem
749 1052 856 1078 suum,
880 1047 917 1074 ut
939 1041 1092 1078 fratrem,
1117 1040 1278 1084 diligeret
1301 1046 1334 1073 et
1357 1040 1545 1073 fraternam
1568 1039 1674 1072 vitam
1682 1038 1700 1078 ',
1722 1039 1758 1071 in
1789 1045 1886 1072 tanto
1917 1038 2114 1072 discrimine
2143 1049 2206 1082 po-

371 1098 481 1134 sitam,
503 1101 659 1138 ereptum
682 1095 744 1133 ire,
770 1095 862 1127 omni
885 1093 950 1127 sibi
973 1093 1068 1126 illata
1090 1093 1215 1138 injuria
1238 1093 1356 1133 oblita,
1380 1093 1502 1136 quovis
1526 1092 1624 1126 lucro
1646 1102 1874 1135 praeponere,
1891 1092 2038 1134 invitant
2060 1092 2204 1126 fratrem
2311 1134 2314 1136 η

370 1155 408 1182 ut
430 1149 540 1187 fratri,
564 1148 598 1180 in
621 1148 796 1191 angustias
819 1148 940 1190 posito,
965 1147 1126 1179 auxilium
1150 1147 1297 1180 ferendo
1320 1146 1517 1179 subveniat:
1541 1146 1584 1179 de
1610 1146 1858 1185 controversia,
1882 1156 1970 1189 quae
1993 1146 2083 1178 inter
2106 1145 2201 1189 ipsos
2227 1144 2269 1178 15
2311 1151 2314 1154 '

373 1209 455 1244 erat,
479 1202 568 1235 duce
593 1206 723 1243 erepto,
746 1201 799 1244 jus
823 1206 990 1239 teneatur,
1014 1210 1087 1232 sese
1111 1200 1276 1232 auxilium
1298 1200 1428 1233 laturos
1454 1199 1666 1243 promittunt.

462 1302 594 1335 XXVI.
618 1321 659 1325 —
683 1302 809 1334 Comes
832 1301 959 1344 itaque,
982 1301 1120 1334 sinistro
1143 1311 1277 1333 rumore
1290 1300 1333 1334 de
1350 1301 1467 1334 fratris
1481 1301 1670 1333 infortunio
1686 1300 1853 1339 turbatus,
1869 1299 2015 1333 fraterni
2030 1300 2206 1345 sanguinis

372 1356 501 1389 affectu
523 1361 614 1389 totus
637 1354 787 1387 lacrimis
808 1355 978 1397 perfusus,
1010 1365 1088 1387 suos
1118 1354 1262 1397 supplex
1294 1360 1415 1388 exorat
1444 1360 1481 1387 ut
1510 1354 1653 1387 fratrem
1685 1365 1782 1387 suum
1814 1358 1971 1396 ereptum
1997 1353 2206 1388 accelerent.

372 1409 509 1451 Sicque‚
532 1418 628 1440 arma
651 1407 851 1450 corripiens,
875 1407 1059 1440 Geracium
1083 1407 1268 1440 citissimus
1291 1407 1448 1445 advolat;
1472 1407 1679 1446 urbicenses,
1709 1412 1747 1439 ut
1770 1406 1833 1439 sibi
1857 1412 1953 1439 extra
1975 1416 2099 1445 muros,
2129 1406 2207 1440 foe-

372 1463 454 1495 dere
478 1461 691 1503 interposito,
714 1471 834 1493 secure
857 1460 1009 1493 locutum
1032 1461 1180 1500 veniant,
1204 1461 1336 1494 invitat.
1382 1461 1427 1493 Et
1449 1461 1497 1493 ita
1512 1460 1712 1504 alloquitur:
1733 1461 1748 1477 ⁸
1763 1459 1830 1504 Eja
1845 1459 2013 1503 —inquit
2038 1478 2089 1500 -v,
2103 1459 2205 1504 amici
2229 1460 2272 1493 20

377 1518 438 1548 “et
461 1514 580 1547 fideles
604 1514 692 1546 mei!
716 1513 822 1553 Ecce,
847 1514 1046 1547 fidelitatem
1069 1519 1217 1548 vestram
1241 1514 1390 1557 experiri
1413 1514 1554 1557 incipio,
1578 1519 1624 1552 et,
1641 1514 1721 1558 quia
1745 1514 1886 1546 fratrem
1903 1524 2016 1546 meum
2033 1512 2207 1546 obsessum

379 1571 393 1586 ‘⁴
407 1568 598 1601 venientem
621 1567 828 1611 cognovistis
853 1572 990 1610 captum
1007 1573 1041 1600 et
1064 1567 1098 1600 in
1116 1577 1192 1601 mea
1207 1567 1372 1601 fidelitate
1388 1568 1522 1607 tenetis,
1538 1567 1771 1611 gratissimum
1787 1566 1916 1605 habeo;
1933 1572 1977 1605 et,
1994 1565 2075 1609 quia
2089 1576 2207 1599 versus

375 1622 390 1638 “
405 1631 459 1653 me
482 1622 518 1653 in
540 1626 671 1653 tantum
694 1626 807 1653 vestra
830 1620 977 1653 fidelitas
1000 1631 1181 1664 progressa
1203 1627 1265 1660 est,
1289 1626 1402 1654 vestro
1425 1621 1581 1659 consilio,
1603 1630 1672 1653 non
1694 1626 1809 1653 autem
1832 1619 1952 1652 vestris
1975 1618 2030 1651 vel
2052 1619 2208 1653 manibus

378 1676 393 1693 ¹‘
405 1675 460 1707 vel
484 1674 595 1712 armis,
620 1674 662 1706 de
686 1675 761 1716 ipso
783 1673 904 1706 ulcisci
926 1674 1015 1707 volo.
1061 1675 1100 1706 In
1115 1679 1246 1707 tantum
1269 1674 1359 1707 enim
1381 1684 1437 1707 me
1452 1675 1498 1708 ad
1512 1674 1599 1707 iram
1613 1673 1827 1717 provocavit,
1842 1678 1880 1706 ut
1894 1672 1988 1706 nullo
2003 1672 2108 1706 modo
2122 1672 2208 1706 mihi

378 1729 392 1745 '⁴
407 1728 559 1766 sufficiat,
583 1728 611 1759 si
634 1727 773 1760 alterius
796 1727 908 1766 armis,
932 1738 1035 1771 quam
1057 1728 1153 1766 meis,
1175 1728 1332 1761 intereat.
1368 1726 1475 1766 Quod
1498 1739 1541 1761 ne
1557 1732 1673 1760 vestra
1688 1727 1844 1767 fidelitas,
1859 1726 1956 1770 quasi
1971 1725 2056 1758 mihi
2072 1732 2207 1770 gramm
2229 1725 2272 1759 25
2314 1742 2320 1763 4

376 1781 392 1798 “
407 1781 609 1824 obsequium
631 1791 668 1813 se
689 1786 859 1823 praestare
884 1782 1040 1820 credens,
1064 1781 1180 1821 faciat,
1211 1782 1407 1815 omnimode
1422 1781 1489 1814 sibi
1505 1781 1723 1814 interdictum
1738 1780 1836 1813 sciat.
1882 1778 2089 1813 Accelerate
2105 1779 2208 1824 igitur
2315 1778 2320 1810 ἐ

379 1837 393 1852 ¹⁴
407 1834 582 1866 inimicum
604 1845 715 1866 meum
739 1834 821 1865 mihi
837 1833 1027 1868 reddendo.
1066 1835 1219 1868 Sufficiet
1233 1841 1272 1868 ut
1285 1834 1330 1868 de
1346 1834 1524 1878 suppliciis
1539 1834 1612 1867 eius
1627 1834 1738 1877 primo
1753 1833 1881 1866 sciatis.
1920 1833 2045 1866 Vestro
2060 1832 2206 1866 consilio
2317 1824 2320 1836 “

381 1889 558 1927 “satiatus,
581 1888 708 1920 faciam
732 1897 808 1920 eum
833 1898 910 1920 cum
932 1889 1111 1921 tormentis
1134 1889 1238 1921 vitam
1261 1889 1370 1922 finire.
1405 1888 1511 1921 Nulla
1533 1888 1571 1920 in
1594 1887 1775 1920 reddendo
1799 1887 1920 1919 dilatio
1944 1886 1997 1928 sit,
2020 1896 2100 1919 nam
2115 1886 2208 1920 nulia

381 1941 533 1974 “utilitas
556 1952 610 1973 me
635 1940 771 1973 avellet'
795 1940 838 1973 ab
863 1941 1058 1974 obsessione
1090 1942 1190 1975 huius
1220 1941 1314 1975 urbis
1344 1942 1456 1975 donec
1486 1941 1635 1974 ulciscar
1661 1940 1742 1973 mihi
1765 1940 1809 1973 ab
1831 1940 1907 1983 ipso
1929 1939 2035 1972 illatis
2063 1939 2205 1983 injuriis.
2311 1931 2320 1973 l

378 1995 393 2011 ‘⁴
407 1995 513 2032 Ecce,
537 1993 644 2026 omnis
666 1994 837 2027 exercitus
859 2005 950 2033 suus,
973 1994 1112 2038 injurias
1134 1996 1207 2028 eius
1229 1995 1370 2028 ulterius
1385 2004 1454 2028 non
1478 1995 1606 2033 ferens,
1629 1994 1704 2036 ipso
1726 1999 1853 2036 spreto,
1868 1993 1905 2025 in
1927 2003 2037 2026 meam
2060 1992 2207 2026 fidelita-
2230 1994 2272 2027 30
2315 1988 2320 2033 Ξ

381 2048 476 2082 “tem
498 2047 675 2086 transiens,
698 2057 753 2080 me
777 2048 900 2080 ducem
918 2048 1024 2092 eligit.
1071 2049 1173 2087 Ecce,
1197 2049 1252 2082 vel
1275 2049 1449 2082 modicum
1471 2055 1584 2081 terrae
1607 2047 1670 2080 sub
1692 2048 1768 2090 ipso
1791 2046 1921 2080 habere
1938 2046 2099 2091 indignus
2118 2045 2207 2090 judi-

383 2104 396 2120 “
411 2101 527 2141 cabar,
550 2111 592 2134 eo
608 2107 799 2144 perempto,
815 2101 933 2134 omnia
947 2112 1034 2144 quae
1048 2102 1132 2145 juris
1147 2102 1198 2134 sui
1213 2103 1383 2136 hactenus
1398 2102 1547 2144 fuerunt,
1563 2100 1715 2134 fortuna'
1732 2100 1880 2139 favente,
1896 2100 2080 2143 suscipiam
2093 2099 2102 2133 1
2125 2100 2208 2134 Non

378 2156 392 2172 “
408 2166 492 2196 sum,
516 2165 616 2198 quem
640 2164 702 2197 per
725 2154 886 2198 ambages
908 2155 1112 2197 protrahere
1135 2156 1282 2198 possitis.
1329 2156 1367 2189 Si
1390 2156 1518 2188 diutius
1540 2155 1683 2188 differre
1707 2154 1856 2192 tentatis,
1879 2163 1963 2186 ecce
1985 2153 2031 2186 ad
2045 2164 2209 2196 praesens

377 2209 392 2225 ⁴⁴
407 2209 523 2241 vineta
545 2214 580 2241 et
602 2207 731 2240 oliveta
753 2213 867 2240 vestra
883 2207 1154 2250 extirpabuntur.
1192 2208 1286 2242 Urbs
1308 2215 1433 2248 vestra,
1458 2220 1478 2241 a
1499 2208 1598 2241 nobis
1620 2207 1770 2247 obsessa,
1793 2206 2077 2239 machinamentis
2102 2217 2207 2250 appa-

380 2263 395 2279 “
406 2261 500 2300 ratis,
516 2260 610 2294 nullo
627 2266 747 2293 contra
762 2270 823 2293 nos
839 2260 1024 2303 praesidio,
1040 2261 1201 2295 tuebitur.
1237 2262 1311 2295 Vos
1333 2262 1361 2294 si
1383 2261 1482 2294 inviti
1506 2260 1703 2304 capiamini,
1719 2269 1862 2303 poenae,
1879 2270 1970 2302 quae
1984 2259 2074 2292 hosti
2089 2269 2207 2303 repro·
2229 2258 2271 2292 35
2316 2262 2320 2303 ᾗ

381 2316 395 2332 “
408 2315 597 2353 mittuntur,
621 2319 657 2346 et
679 2313 788 2351 vobis,
810 2319 848 2346 ut
870 2314 959 2356 ipso,
982 2316 1234 2358 torquebuntur
1247 2340 1276 2356 „.

462 2367 538 2400 Hac
560 2367 715 2400 oratione
739 2367 867 2407 habita,
892 2368 1107 2401 Geracenses
1129 2370 1252 2410 territi,
1276 2369 1421 2403 licentia
1443 2374 1600 2412 accepta,
1623 2368 1658 2400 in
1680 2367 1799 2401 urbem
1832 2366 2032 2400 concivibus
2054 2367 2124 2400 suis
2153 2376 2208 2399 re-

375 2420 477 2454 laturi
499 2426 533 2453 et
556 2419 735 2453 consilium
758 2420 888 2462 pariter
910 2422 1101 2464 accepturi,
1124 2422 1264 2455 vadunt.
1311 2422 1449 2466 Sicque‚
1474 2422 1618 2455 consilio
1641 2427 1799 2464 accepto,
1823 2419 1919 2453 dubii
1941 2425 2055 2452 utrum
2079 2430 2123 2452 ne
2154 2430 2207 2459 ea,

375 2483 463 2516 quae
487 2484 506 2505 a
529 2473 653 2505 comite
676 2473 868 2512 audierant,
892 2483 935 2506 ex
958 2474 1137 2513 industria,
1159 2482 1197 2508 ut
1219 2476 1362 2509 fratrem
1385 2476 1545 2518 eripiant,
1561 2481 1619 2508 aut
1633 2480 1727 2507 certe
1744 2485 1787 2507 ex
1802 2484 1884 2506 vero
1901 2473 1981 2506 odio
1997 2472 2214 2515 dicerentur,

373 2527 601 2570 juramentum
624 2537 644 2558 a
667 2527 756 2559 duce
780 2533 954 2569 expetunt,
977 2539 1031 2566 ne,
1054 2529 1081 2560 si
1106 2528 1148 2561 ab
1171 2529 1254 2572 ipsis
1276 2529 1444 2569 dimissus,
1467 2529 1638 2562 fraternas
1660 2527 1771 2560 minas
1793 2527 1930 2565 evadat,
1947 2526 2027 2558 dum
2050 2525 2114 2558 sibi
2135 2526 2208 2559 vita
2232 2525 2276 2558 40
2318 2550 2320 2553 .

376 2589 490 2612 comes
512 2578 630 2618 fuerit,
653 2579 830 2612 castellum
856 2580 998 2623 aliquod
1021 2581 1113 2614 infra
1129 2582 1306 2616 civitatem
1321 2593 1416 2615 suam
1434 2583 1581 2615 'firmare
1596 2581 1713 2614 faciat.
1761 2579 1842 2619 Quo
1858 2584 2072 2612 sacramento
2095 2578 2208 2615 minus
2318 2575 2320 2583 ¹

379 2632 613 2664 discernentes
636 2631 867 2665 calli'ditatem
892 2633 1001 2671 ducis,
1024 2634 1162 2676 decepti
1185 2641 1278 2668 sunt:
1303 2646 1381 2668 nam
1405 2636 1501 2678 quod
1516 2635 1586 2668 dux
1601 2644 1637 2667 se
1653 2644 1723 2667 non
1739 2634 1912 2666 facturum
1926 2632 2063 2676 juravit,
2079 2641 2207 2671 comes,

375 2694 444 2716 non
468 2686 593 2729 jurans,
615 2694 685 2717 non
708 2685 815 2718 multo
842 2691 932 2728 post,
962 2686 1029 2719 illis
1059 2687 1268 2727 dolentibus,
1298 2689 1457 2731 perfecit.
1503 2687 1727 2721 Sacramento
1757 2686 1871 2729 itaque
1901 2690 2060 2728 accepto,
2082 2684 2208 2718 ducem

461 2802 484 2827 5.
505 2796 665 2822 discutione
684 2798 713 2823 P
727 2811 759 2816 -—
779 2797 803 2822 6.
823 2798 998 2831 sapientibus
1018 2799 1080 2823 BD
1099 2813 1131 2818 -—-
1153 2806 1193 2825 10.
1213 2800 1296 2825 fratri
1309 2809 1357 2826 om.
1371 2803 1399 2826 P
1409 2802 1432 2826 C
1443 2815 1475 2818 —
1492 2808 1532 2826 11.
1544 2801 1757 2826 contentionem
1770 2800 1798 2825 P
1812 2813 1840 2816 —
1860 2806 1898 2830 ¹3-
1912 2796 2003 2830 suum]
2017 2805 2079 2822 cum
2094 2797 2159 2822 BD
2172 2810 2205 2814 —

378 2845 416 2869 14·
437 2838 572 2863 invitabit
590 2840 618 2863 P
635 2853 666 2857 —
689 2846 727 2871 15.
748 2841 908 2872 angustiam
928 2840 992 2864 BD
1012 2853 1043 2858 —-
1066 2840 1104 2865 16.
1126 2841 1259 2867 illaturos
1278 2844 1338 2868 PC
1355 2857 1387 2861 -
1410 2850 1449 2877 17.
1469 2842 1601 2875 fraterni]
1618 2842 1719 2867 fratris
1738 2842 1802 2866 BD
1821 2855 1853 2858 —
1875 2840 1914 2865 18.
1934 2847 2014 2864 suum
2039 2846 2087 2864 om.
2111 2839 2172 2864 PC
2193 2851 2205 2858 -

377 2882 501 2911 ereptum
515 2887 606 2904 secum
618 2881 668 2904 cosi
682 2882 707 2905 Ρ
716 2894 748 2900 -
764 2889 806 2906 20.
819 2882 913 2907 Etiam
926 2884 969 2916 eja
984 2884 1010 2907 Β
1019 2883 1048 2906 D
1062 2897 1092 2902 -—
1108 2890 1149 2907 21.
1164 2884 1233 2908 Ecce
1246 2885 1412 2910 fidelitatem
1423 2902 1429 2911 .
1440 2902 1448 2911 .
1458 2902 1465 2910 .
1477 2905 1483 2910 .
1497 2882 1652 2918 obsessum]
1665 2883 1756 2909 fidelis
1770 2885 1823 2908 mei
1840 2882 1982 2907 inimicari
1993 2883 2020 2906 et
2033 2888 2126 2914 germa
2139 2888 2207 2906 num

375 2928 416 2944 me
428 2921 569 2946 obsessum
585 2923 612 2945 P
622 2935 654 2940 —
669 2929 710 2947 22.
724 2924 754 2947 in
768 2931 816 2948 om.
830 2925 856 2948 P
866 2939 899 2942 —
914 2931 956 2957 ²7·
975 2923 1109 2957 Sufficiet]
1121 2925 1302 2951 Satissaceret
1316 2928 1380 2951 BD
1393 2941 1425 2946 -
1441 2928 1481 2952 28.
1496 2935 1558 2952 eum
1571 2935 1619 2952 om.
1633 2927 1661 2951 P
1671 2927 1694 2952 C
1705 2939 1738 2944 —
1753 2932 1795 2958 ²9·
1808 2925 1929 2950 ulciscar
1941 2924 1975 2948 de
1988 2924 2052 2957 ipso
2065 2923 2099 2947 de
2111 2922 2203 2948 illatis

375 2961 438 2986 BD
456 2975 488 2980 —-
509 2970 550 2994 30.
569 2963 639 2988 Ecce
658 2966 750 2989 omnis
770 2965 871 2998 exem]
892 2966 992 2990 Omnis
1012 2967 1088 2990 enim
1106 2974 1195 2992 exerc.
1215 2969 1280 2992 BD
1298 2982 1310 2987 -
1329 2969 1404 2994 ultra
1424 2970 1450 2993 P
1462 2971 1485 2995 C
1502 2983 1535 2988 -—
1561 2976 1603 3002 3¹·
1627 2969 1772 3001 elegerunt
1790 2968 1872 2992 PC·
1892 2967 1962 2991 Ecce
1975 2967 2023 2998 qui
2038 2965 2083 2990 vel
2097 2964 2160 2990 BD
2173 2977 2205 2982 —
2237 2971 2251 2997 5

375 3010 417 3036 35.
435 3005 576 3036 praesidia
595 3006 747 3031 tuebuntur
767 3008 794 3032 P
813 3021 843 3026 --
864 3007 906 3039 36.
926 3010 956 3032 ut
978 3010 1047 3040 ipsoy
1067 3009 1287 3043 torquebuntur]
1301 3011 1331 3035 ln
1346 3013 1416 3045 ipso,
1431 3012 1668 3048 repromittentur
1682 3011 1708 3036 P
1726 3025 1758 3028 ——
1772 3015 1814 3043 42.
1830 3007 1982 3041 facturum]
1996 3009 2167 3033 structurum
2181 3007 2209 3032 P
