2314 3418
199 868 228 894 B,
241 873 286 888 ‚ov

200 1233 223 1257 C,
242 1239 285 1258 327

370 209 416 249 70
922 207 1208 243 'GAUFREDI
1236 204 1616 242 MALATERRAE
2026 212 2079 248 [Α.
2099 213 2193 247 1080]

842 329 900 362 Sic
920 329 1062 373 paribus
1084 328 1170 360 votis
1190 338 1254 360 non
1276 328 1387 370 deficit
1408 327 1553 359 hostibus
1575 327 1687 360 hostis.
1716 340 1719 342 ·

756 382 904 426 Tempus
925 386 1001 414 erat
1021 382 1150 419 messi-53
1174 381 1280 413 armis
1301 384 1453 413 macerat
1473 380 1524 412 ita
1536 379 1655 424 fissis.

843 434 997 467 Uruntur
1017 444 1151 466 messes:
1176 434 1290 466 turbat
1311 444 1365 466 res
1386 434 1453 465 ista
1475 430 1646 473 Jatenses.

754 487 919 531 ,Quodque
930 488 1010 530 jam
1033 487 1140 519 laedit
1163 486 1358 519 Cirtensibus
1378 486 1471 518 haud
1490 486 1569 518 bene
1590 486 1688 519 cedit.

840 539 1020 573 Consilium
1042 542 1191 583 captant,
1213 549 1412 572 succurrere
1434 538 1589 571 messibus
1611 542 1750 582 uptun&

751 592 821 626 Sed
840 604 913 626 cum
936 593 974 625 vi
993 596 1167 636 nequeunt,
1190 592 1251 624 hoc
1273 592 1403 625 artibus
1424 592 1550 624 addere
1571 597 1747 635 quaerunt.

838 645 1046 678 Conveniunt
1066 646 1227 684 comitem,
1252 649 1382 677 tentant
1401 645 1469 677 sibi
1487 645 1631 678 reddere
1653 646 1788 684 mitem3

751 699 904 732 Foedere
926 702 1141 742 componunt3
1155 697 1301 740 fraudis
1322 698 1527 730 munimenta
1548 701 1725 742 reponunt.

835 752 978 795 Fruges
999 752 1183 793 salvantur,
1205 751 1382 794 comitique
1404 751 1676 784 reconciliantur.

447 856 560 889 XXII.
585 875 625 880 —
649 857 758 900 Igitur
779 868 869 890 anno
892 857 1095 890 Dominicae
1111 856 1356 889 incarnationis
1370 855 1547 889 MLXXX
1561 856 1791 897 Raimundus,
1807 858 2054 892 famosissimus
2075 870 2191 894 comes

357 909 628 949 Provinciarum,
650 910 777 942 famem
799 910 956 954 Rogerii,
980 909 1173 943 Siculorum
1197 909 1344 949 comitis,
1361 910 1514 948 audiens,
1530 916 1674 953 propter
1689 911 1933 951 strenuitatem,
1948 922 2037 955 quae
2053 913 2098 946 de
2113 913 2190 956 ipso

355 962 580 1001 reserabatur,
603 963 734 1006 legatos
761 963 894 1006 dignos,
924 963 981 1006 qui
997 974 1018 994 a
1033 968 1127 995 tanto
1151 962 1309 1005 principe
1324 963 1370 995 ad
1384 968 1518 995 tantum
1540 963 1769 1003 mitterentur,
1800 964 1967 1008 dirigens,
1996 965 2190 1006 Matildem,

355 1015 458 1047 filiam
481 1026 586 1054 suam,
610 1026 710 1058 quam
734 1015 777 1048 de
800 1016 911 1058 prima
931 1026 1038 1048 uxore
1052 1014 1062 1033 ¹
1087 1016 1271 1048 admodum
1295 1016 1460 1049 honestae
1483 1016 1590 1048 faciei
1615 1016 1765 1059 puellam
1791 1017 1952 1057 habebat,
1975 1017 2039 1051 sibi
2059 1018 2096 1051 in
2118 1029 2191 1052 ma-

355 1067 550 1100 trimonium
574 1069 802 1110 copulandam
826 1068 1027 1111 expostulat.
1073 1067 1179 1106 Quod
1204 1079 1282 1101 cum
1304 1079 1325 1101 a
1349 1069 1474 1101 comite
1498 1079 1699 1102 concessum
1722 1075 1758 1102 et
1784 1069 1828 1103 ab
1855 1071 2010 1113 utrisque
2032 1071 2191 1114 partibus

356 1120 612 1163 exsequendum
643 1121 866 1154 sacramentis
899 1121 1066 1154 firmatum
1100 1121 1232 1161 fuisset,
1266 1122 1323 1154 die
1355 1121 1549 1164 nuptiarum
1576 1127 1714 1162 statuto,
1744 1123 1802 1166 qui
1831 1129 2008 1162 venerant,
2036 1123 2192 1167 pluribus

356 1172 507 1205 donariis
531 1183 551 1205 a
573 1173 707 1211 comite,
731 1179 768 1206 ut
797 1183 872 1205 mos
895 1180 979 1213 erat,
1010 1174 1208 1213 munificati,
1239 1175 1419 1207 festiniore
1449 1184 1606 1218 regressu
1637 1175 1776 1208 domino
1806 1185 1868 1209 suo
1897 1176 1964 1209 sibi
1986 1186 2188 1210 concessum

357 1225 564 1258 renuntiant.
609 1225 706 1263 'Qua
729 1227 772 1258 de
795 1237 834 1258 re
856 1226 913 1258 ille
937 1237 1006 1259 non
1028 1227 1207 1258 minimum
1230 1226 1383 1271 gavisus'
1402 1245 1444 1251 —
1459 1228 1636 1261 eratenim
1651 1235 1791 1272 propter
1805 1229 2064 1268 formositatem,
2087 1239 2190 1274 quam

356 1278 401 1310 de
422 1278 499 1320 ipsa
522 1278 691 1316 audierat,
714 1279 808 1311 illam
831 1280 1066 1313 ardentissimo
1094 1290 1211 1312 amore
1228 1281 1371 1323 cupiens
1387 1299 1428 1304 —
1446 1281 1563 1314 audito
1577 1282 1724 1315 termino
1739 1282 1944 1325 nuptiarum,
1961 1293 2024 1326 per
2039 1284 2189 1326 seipsum

354 1330 390 1362 iu
414 1327 566 1363 Siciliam
589 1332 804 1371 accedendo,
827 1332 917 1365 diem
941 1333 1141 1375 praevenire
1165 1333 1348 1366 accelerat.

442 1383 651 1416 Venientem
681 1394 797 1417 comes
819 1385 950 1418 honore
974 1386 1148 1429 condigno
1173 1386 1310 1429 excipit.
1356 1385 1540 1420 Pactiones
1560 1393 1784 1427 renovantur3
1809 1388 1872 1421 dos
1894 1388 2030 1431 puellae
2052 1388 2116 1422 sub
2138 1395 2190 1422 te-
2226 1391 2260 1425 15
2300 1418 2302 1424 .

355 1441 523 1469 stamento
554 1436 894 1481 chirographiyatur3
918 1438 1099 1481 sponsalia,
1122 1440 1363 1482 praesentibus
1385 1440 1560 1483 utriusque
1591 1441 1699 1483 partis
1728 1441 1954 1483 praesulibus,
1968 1441 2130 1484 precibus
2144 1442 2189 1476 ab

355 1489 526 1532 episcopis
549 1495 583 1522 et
604 1491 710 1524 sacris
732 1491 908 1524 ordinibus
931 1492 1101 1524 catholice
1125 1492 1354 1526 celebrantur.
1401 1492 1473 1531 Qui
1493 1493 1695 1537 jamdudum
1709 1494 1800 1528 inter
1813 1494 1973 1538 juvenem
1989 1500 2024 1529 et
2039 1495 2189 1538 puellam
2239 1482 2250 1525 s
2299 1475 2301 1516 «Ξ

355 1542 518 1584 paulatim
541 1543 736 1577 adoleverat
757 1545 868 1587 prima
890 1551 1002 1583 nocte,
1024 1551 1063 1578 ut
1086 1546 1221 1584 assolet,
1244 1547 1447 1579 immensum
1469 1548 1650 1580 excrescit.

444 1594 637 1629 Celebratis
658 1596 787 1640 itaque,
811 1604 845 1630 et
867 1608 936 1630 non
959 1599 1031 1630 sine
1054 1609 1253 1643 magnarum
1276 1610 1503 1643 expensarum
1527 1601 1728 1644 sumptibus,
1749 1602 1887 1645 nuptiis,
1903 1611 2004 1635 socer
2024 1613 2189 1647 generum
2243 1599 2246 1607 ³
2300 1605 2301 1608 ’

355 1658 451 1680 suum
474 1648 674 1692 aliquandiu
696 1660 812 1683 secum
835 1652 995 1689 retinens,
1025 1653 1165 1684 tandem
1196 1653 1436 1686 munificentiis
1459 1654 1673 1694 benevolum,
1694 1661 1733 1688 ut
1760 1665 1817 1687 res
1844 1655 1918 1699 ipsa
1940 1655 2189 1698 expostulabat,

356 1701 498 1740 factum,
520 1703 583 1735 sed
606 1708 640 1735 et
663 1703 715 1742 iis,
746 1704 807 1747 qui
837 1714 914 1736 cum
943 1706 1019 1747 ipso
1050 1706 1271 1745 advenerant,
1302 1707 1446 1750 singulis
1468 1707 1612 1752 singula,
1634 1714 1737 1750 prout
1759 1718 1930 1752 quemque
1951 1718 2027 1742 esse
2048 1708 2190 1748 sciebat,
2236 1720 2244 1731 λ’

356 1753 513 1798 largiens,
537 1755 680 1788 navibus
703 1758 885 1799 apparatis,
907 1758 1048 1800 placido
1070 1768 1220 1802 aequore
1243 1770 1264 1791 a
1287 1770 1323 1792 se
1346 1770 1424 1792 eum
1454 1760 1525 1793 filia
1554 1761 1695 1794 dimisit.
1740 1761 1795 1794 Illi
1825 1767 1951 1801 autem,
1973 1761 2052 1794 vela
2079 1761 2190 1795 ventis
2234 1763 2250 1801 Q:

354 1808 608 1842 accuratissime
637 1810 895 1850 committentes,
925 1811 1068 1853 zephiro
1098 1812 1322 1856 suffragante,
1345 1813 1442 1846 brevi
1464 1819 1619 1857 tempore
1640 1814 1732 1847 unde
1755 1821 1933 1855 venerant,
1963 1824 2042 1848 cum
2064 1825 2189 1858 sponsa
2240 1821 2251 1838 -2

356 1860 535 1894 reducunt.

527 1965 657 2000 XXIII.
681 1986 722 1990 —-
746 1968 891 2012 Spernit
910 1974 991 2002 nata
1012 1973 1159 2014 patrem,
1182 1972 1307 2015 puduit
1327 1983 1387 2005 nec
1408 1973 1599 2016 relinquere
1621 1978 1762 2006 matrem
1774 1986 1783 2012 ;
1834 2004 1838 2009 ‚

832 2023 988 2056 Externo
1010 2025 1127 2057 comiti
1146 2025 1332 2059 delectatur
1354 2027 1488 2060 sociari.

745 2075 778 2108 A
799 2087 864 2119 quo
886 2077 1047 2119 nutritur,
1070 2083 1166 2110 caret
1177 2091 1186 2117 ;
1210 2090 1249 2112 ac
1271 2080 1424 2123 alterque
1445 2081 1587 2124 potitur,

830 2127 947 2163 Poena
968 2132 1100 2175 quidem
1122 2133 1228 2165 multa
1250 2144 1323 2166 cum
1346 2135 1474 2176 matris,
1498 2145 1571 2167 cum
1593 2135 1640 2167 sit
1660 2135 1786 2168 adulta.

745 2182 824 2215 Nec
846 2195 931 2226 quae
951 2185 1113 2228 nutritur,
1137 2185 1261 2218 lascivo
1275 2189 1401 2231 fratre
1420 2187 1564 2231 potitur.

831 2237 918 2269 Plus
940 2242 1116 2271 externum
1139 2250 1238 2282 quam
1260 2250 1356 2282 quem
1377 2241 1423 2272 sit
1434 2243 1520 2284 jure
1542 2244 1733 2285 paternum.

745 2289 822 2322 Nx
843 2291 944 2323 nimis
966 2291 1027 2324 boc
1048 2293 1156 2336 culpo,
1179 2294 1331 2336 quamvis
1352 2293 1407 2326 hic
1429 2294 1513 2326 talia
1534 2295 1649 2339 sculpo
1660 2307 1670 2332 3

833 2343 911 2376 JV'ec
929 2344 1112 2387 prohibens
1134 2347 1214 2385 vito,
1238 2357 1310 2379 cum
1323 2348 1394 2390 fiat
1404 2347 1529 2390 juncta
1550 2349 1684 2381 marito.

744 2394 891 2438 Diligat
911 2401 945 2428 et
955 2398 1052 2440 juste
1064 2398 1193 2442 foedus
1212 2400 1379 2431 servando
1401 2404 1545 2432 venuste.

833 2448 929 2482 Nam
952 2460 1033 2492 quos
1054 2451 1109 2482 lex
1120 2452 1261 2494 jungit,
1283 2455 1448 2485 sententia
1470 2454 1562 2486 nulla
1584 2455 1757 2498 repungit
1766 2466 1777 2487 .·

751 2500 798 2533 Ut
817 2501 940 2534 soboles
961 2508 1099 2546 crescat,
1122 2515 1163 2536 ne
1186 2505 1365 2548 deficiendo
1387 2506 1543 2539 tabescat.

829 2554 956 2587 Prima
976 2556 1105 2599 virago
1128 2557 1239 2597 datur,
1262 2559 1441 2603 primoque
1461 2560 1537 2593 viro
1558 2560 1718 2593 sociatur.

748 2606 833 2639 Tali
843 2607 992 2651 fortuna
1015 2609 1079 2641 duo
1100 2611 1169 2642 sint
1189 2616 1227 2643 ut
1247 2622 1349 2645 carne
1370 2613 1429 2645 sub
1451 2624 1527 2646 una.

442 2720 466 2746 3.
485 2713 553 2748 jam]
572 2715 672 2741 Facem
694 2718 717 2742 C
737 2731 765 2736 —
784 2726 809 2751 4.
829 2717 914 2752 haud]
934 2721 982 2744 aut
1004 2719 1028 2744 C
1043 2733 1075 2738 —
1099 2727 1138 2746 ιο.
1157 2721 1334 2748 Raimundus
1356 2724 1468 2757 famus]
1494 2725 1658 2758 Raynaldus
1685 2726 1860 2751 fortissimus
1884 2726 1949 2752 BD
1973 2739 2008 2744 —
2034 2732 2075 2751 1².
2098 2727 2181 2752 tuneo
2214 2709 2231 2720 ἠ

2267 2752 2269 2757 ,
2294 2743 2298 2760 i

356 2754 392 2778 ad
410 2755 520 2780 tantum
540 2757 736 2790 dirigerentur,
754 2760 879 2790 mittens,
898 2760 1064 2786 MathildIm
1082 2763 1133 2787 cosi
1151 2765 1179 2789 P
1195 2777 1204 2782 -
1223 2765 1383 2800 Matildem]
1402 2769 1519 2800 propter
1537 2767 1683 2792 Mitildam
1704 2769 1730 2792 B
1749 2782 1780 2787 —
1797 2767 1884 2800 14-16.
1905 2769 1934 2793 et
1946 2769 1981 2793 ab
1993 2769 2128 2801 utrisque.
2139 2784 2184 2796 ..0
2267 2779 2270 2789 ‘2
2295 2802 2297 2805 Ι

357 2803 516 2822 concessum
540 2806 588 2824 om.
607 2801 634 2824 P
647 2814 680 2819 —
700 2808 741 2826 21.
761 2802 971 2835 chirografatur
982 2804 1008 2828 B
1025 2817 1035 2822 -
1047 2806 1173 2838 utrisque
1192 2808 1328 2839 partibus,
1346 2810 1474 2842 precibus
1494 2810 1528 2834 ab
1546 2810 1599 2834 cosi
1612 2811 1679 2834 1³-
1693 2817 1735 2843 24.
1748 2812 1777 2836 et
1789 2818 1838 2835 om.
1851 2811 1878 2835 B
1890 2823 1923 2829 ·—
1937 2811 1978 2836 28.
1993 2811 2183 2837 attentissime
2268 2825 2269 2840 2
2293 2810 2297 2835 ’ἓ

356 2838 439 2862 BD·
456 2839 633 2873 suffiagrante
650 2842 715 2868 BD
725 2856 735 2861 -
747 2845 874 2877 tempore
892 2845 1007 2878 impune
1023 2847 1046 2870 C
1057 2859 1090 2864 —
1104 2854 1145 2880 29.
1158 2849 1308 2882 reducunt]
1327 2850 1445 2876 redeunt
1456 2852 1483 2875 B
1496 2866 1528 2869 —
1548 2858 1590 2884 30·
1610 2853 1737 2885 linquere
1758 2854 1781 2878 C
1793 2866 1825 2870 ——
1839 2860 1881 2885 31-
1895 2852 2051 2878 delectatur
2062 2850 2182 2888 sociari]
2211 2847 2234 2884 ’ξ
2268 2857 2270 2862 ’
2294 2880 2297 2885 ,

314 2884 328 2910 5
355 2880 481 2905 sociatur
500 2882 631 2908 delectari
651 2884 678 2907 P
691 2898 724 2903 -
744 2891 786 2917 3²·
804 2893 837 2910 ac
855 2886 990 2919 alterque]
1010 2888 1056 2912 hic
1075 2889 1220 2922 alteroque
1237 2891 1263 2915 P
1278 2905 1310 2909 —
1330 2899 1373 2924 33.
1391 2891 1501 2927 matris]
1522 2895 1619 2918 nutrix
1638 2895 1667 2919 P
1683 2908 1715 2914 --
1734 2901 1777 2928 37.
1796 2894 1904 2929 juncta]
1926 2895 2020 2920 iuvita
2038 2895 2065 2919 P
2268 2896 2269 2899 ’

440 2965 450 2983 ¹
467 2967 521 2993 Era
540 2971 634 2995 morta
652 2969 794 3003 Giuditta,
813 2974 903 3017 prima
921 2977 1054 3000 consorte
1073 2976 1117 3000 del
1138 2979 1220 3003 conte
1274 2979 1427 3012 Ruggiero‚
1446 2982 1561 3013 quando
1580 2982 1700 3007 Matssde
1712 2990 1835 3014 sposava
1847 2982 2010 3008 Raimondo
2025 2982 2054 3008 di
2068 2982 2199 3008 Telon.-
2227 2973 2238 3016 ῘῘξ
2268 2976 2272 3023 ’Ξ
