2314 3418
142 227 194 264 [Α.
213 227 305 261 1⁰79]
510 220 579 256 DE
607 220 774 259 REBUS
802 219 980 256 GESTIS
1007 220 1224 256 ROGERII
1252 219 1462 257 COMITIS
1488 219 1601 256 ETC.
1921 219 1968 254 69

67 357 92 368 '-
620 342 697 386 Qua'
714 342 853 375 reduxit
871 353 1004 375 sacram
1026 342 1151 386 Iegem,
1174 342 1261 374 unde
1282 343 1382 386 prius
1404 342 1552 379 corruat3

76 402 83 422 1
537 395 640 428 Cuius
662 398 728 440 ope
746 396 787 436 fit
807 396 868 428 hoc
889 399 1005 436 totum,
1027 399 1061 428 et
1080 395 1167 428 hanc
1187 396 1304 439 legem
1325 395 1470 428 addidit.

70 453 74 460 ’
626 448 660 480 T
658 452 769 481 extum
792 449 876 481 libri
894 451 1159 492 persequamur:
1183 459 1260 481 nam
1281 449 1348 480 ista
1369 449 1540 491 sufficiunt.

70 522 95 551 {5
534 501 652 534 Sermo
674 502 774 534 m'mis
794 501 977 534 inculcatus
998 502 1166 534 interdum
1186 502 1228 542 fit
1248 502 1405 534 taedium.

70 551 123 603 ³335
620 553 826 598 subsequens
846 554 945 586 stilus
967 554 1132 596 narrabit,
1154 554 1188 586 si
1207 554 1292 597 quid
1311 558 1362 587 est
1383 555 1566 587 residuum.

86 606 93 618 ¹
536 607 623 640 Urbs
649 606 788 650 Trayna
805 605 908 649 felix,
931 608 1073 649 gaude!
1093 607 1152 640 Da
1175 607 1303 650 dignas
1324 607 1438 639 laudes
1460 607 1580 639 titulo!

619 660 665 692 In
686 664 719 692 te
737 660 854 703 primo
875 663 1062 703 reparatur
1085 660 1202 692 dabam
1222 659 1395 703 religio!¹

533 714 689 746 Messana
711 714 896 745 consociata
916 713 1004 756 pari
1022 714 1129 745 servit
1149 713 1269 756 clipeo.

88 806 106 856 3
226 807 307 840 XX.
331 826 372 830 —
397 807 570 840 Incarnati
593 806 701 840 Verbi
723 816 814 839 anno
837 806 1082 839 MLXXVIIII
1105 806 1264 850 Jatenses
1279 811 1402 838 natura
1416 805 1551 844 montis,
1567 805 1602 837 in
1618 815 1686 849 quo
1702 804 1975 843 habi'tabant‚in
2049 815 2080 839 ο,
2096 815 2156 834 ηευ

78 864 80 867 ’
88 848 113 888 ἶ
138 869 321 894 numerosa
342 860 558 893 multitudine
579 869 717 893 suorum
734 859 798 898 fisi,
816 877 852 883 -
873 865 971 891 erant
985 859 1075 891 enim
1090 867 1198 901 usque
1215 858 1260 891 ad
1275 858 1441 890 tredecim
1457 857 1565 890 millia
1579 857 1786 890 familiarum
1804 876 1844 881 —
1857 857 1975 902 jugum

86 909 100 939 ἱ·
138 918 275 947 nostrae
297 913 410 957 gentis
432 913 669 952 abhorrentes,
684 918 846 946 statutum
861 911 1037 944 servitium
1055 917 1090 944 et
1105 921 1245 944 censum
1258 910 1484 953 ’persolvere
1499 910 1707 943 renuntiant.
1752 910 1877 943 Comes
1891 921 1975 942 vero

90 965 97 979 '⁵
128 1007 129 1011 ,
138 976 203 1010 per
223 965 357 1010 legatos
379 976 440 999 eos
455 965 674 1004 conveniens,
691 976 782 998 nunc
798 964 1043 997 blandimentis
1059 974 1118 998 eos
1133 964 1327 1002 mulcendo,
1342 974 1434 995 nunc
1449 963 1549 995 minis
1565 963 1777 1002 attentando,
1794 974 1837 996 ne
1854 968 1976 996 contra

139 1029 175 1052 se
195 1019 424 1063 insurgerent,
446 1030 534 1051 neve
560 1029 624 1062 per
653 1018 773 1051 vitium
800 1018 1025 1055 incurrerent,
1055 1027 1142 1049 neve
1174 1027 1250 1049 eum
1281 1016 1449 1050 irritando
1481 1021 1600 1049 contra
1629 1027 1666 1048 se
1698 1016 1898 1056 excitarent,
1929 1017 1973 1049 ab

136 1072 300 1115 incoepto
322 1072 505 1106 detrahere
527 1072 711 1105 nitebatur.
755 1071 804 1104 At
825 1070 885 1103 ubi
910 1071 1022 1103 minus
1050 1070 1197 1112 proficit,
1228 1069 1383 1102 exercitu
1412 1070 1563 1108 admoto,
1594 1079 1680 1113 quos
1711 1069 1889 1102 blanditiis
1917 1069 1974 1102 vel

136 1124 240 1158 minis
262 1125 391 1169 nequit,
414 1125 537 1158 virtute
559 1124 762 1158 attentando
783 1124 925 1157 flectere
946 1122 1159 1167 aggreditur.
1205 1123 1308 1155 Mons
1330 1128 1456 1162 autem,
1479 1133 1581 1166 quem
1597 1121 1851 1166 inhabitabant,
1866 1122 1915 1154 ita
1929 1122 1973 1155 ab

75 1187 89 1200 ⁴
138 1178 232 1212 omni
253 1178 361 1211 latere
383 1177 565 1220 scopuloso
588 1176 792 1220 praecipitio
816 1181 890 1209 erat
911 1176 1070 1215 munitus,
1093 1181 1131 1208 ut
1153 1186 1196 1207 ex
1218 1175 1312 1208 nulla
1334 1180 1434 1218 parte
1461 1184 1622 1208 ascensus
1651 1180 1792 1217 pateret,
1824 1179 1972 1218 excepto

75 1229 91 1281 5
137 1240 207 1264 uno
229 1230 303 1264 solo
326 1237 423 1264 arcto
445 1236 585 1274 arteque
609 1230 723 1263 exciso
745 1229 852 1268 aditu,
876 1238 945 1272 quo
968 1227 1102 1261 civibus
1123 1228 1326 1272 egrediendi
1350 1235 1386 1261 et
1405 1228 1626 1272 ingrediendi
1641 1228 1707 1260 iter
1721 1227 1973 1271 porrigebatur,

87 1303 90 1306 -
139 1290 175 1317 et
195 1283 263 1317 hoc
285 1283 321 1316 in
344 1283 527 1316 excelsiori
549 1282 727 1315 cacumine
750 1281 903 1315 eiusdem
927 1291 1089 1314 ascensus
1111 1286 1212 1323 porta
1226 1290 1422 1324 murusque,
1438 1290 1483 1314 ex
1497 1286 1644 1324 utroque
1659 1281 1768 1313 latere
1782 1280 1818 1312 in
1836 1280 1973 1324 longum

26 1351 27 1354 ¹
138 1342 329 1380 porrectus,
351 1336 515 1369 munibat.
559 1336 609 1368 At
631 1336 712 1378 quia
733 1345 831 1367 mons
853 1334 911 1367 hic
933 1333 1075 1377 spatiosi
1097 1333 1246 1367 ambitus
1267 1334 1379 1366 minus
1393 1332 1523 1366 'claudi
1538 1333 1727 1367 obsidendo
1743 1338 1889 1376 poterat,
1906 1332 1973 1365 illis
2049 1342 2072 1366 c.
2085 1348 2135 1367 ην

138 1389 354 1433 potissimum
377 1389 413 1421 in
436 1388 532 1428 locis,
553 1388 614 1422 ubi
634 1388 850 1421 infestiorem
871 1397 908 1420 se
930 1386 1086 1420 hostibus
1107 1387 1182 1419 fieri
1204 1397 1305 1429 posse
1328 1387 1524 1426 exsistimaa
1547 1386 1647 1419 sedes
1668 1386 1776 1428 ponit.

71 1438 94 1481 „s'
226 1443 334 1476 Porro
356 1443 525 1487 Jatenses‚
548 1451 591 1475 ac
613 1442 640 1475 si
662 1451 727 1485 pro
749 1442 820 1474 vita
846 1446 990 1479 certare,
1021 1440 1158 1479 instare,
1190 1440 1304 1473 omnia
1334 1440 1527 1480 circumire,
1558 1440 1605 1472 nil
1635 1440 1820 1478 remittere,
1851 1439 1974 1482 quibus

30 1538 31 1542 ,
73 1490 98 1507 ³
139 1494 295 1540 partibus
309 1495 386 1539 plus
397 1494 563 1528 timebant
574 1495 654 1528 loca
667 1495 811 1533 munire,
822 1494 904 1527 inde
917 1493 1175 1537 [ianatigabiles
1187 1493 1308 1526 adesse
1323 1493 1479 1536 vigilanti
1498 1503 1580 1525 cura
1595 1492 1788 1526 studebant.
1832 1492 1878 1525 Et
1894 1492 1976 1535 quia

27 1583 31 1588 ‚
81 1555 103 1592 jj
138 1554 292 1582 armenta
313 1559 374 1581 sua
397 1555 432 1581 et
453 1557 586 1591 pecora
605 1557 723 1580 secum
745 1547 782 1580 in
805 1547 933 1581 abditis
956 1546 1111 1579 eiusdem
1141 1546 1279 1586 montis,
1311 1545 1576 1588 cavernosisque
1606 1545 1692 1578 locis
1722 1555 1742 1576 a
1771 1545 1974 1587 pervasione

26 1615 28 1618 ·
127 1601 254 1644 lhumili
277 1607 350 1634 tuta
373 1602 558 1641 habebant,
580 1607 616 1634 et
637 1602 747 1634 minus
768 1599 812 1633 ab
834 1599 988 1633 hostibus
1009 1610 1051 1632 ea
1073 1599 1177 1642 diripi
1199 1605 1401 1638 metuentes,
1424 1598 1662 1632 obduratiores
1694 1604 1802 1631 erant.
1848 1598 1975 1631 Comes

27 1692 33 1699 v*
127 1660 263 1701 bomem,
286 1660 415 1698 quanto
438 1664 498 1687 eos
521 1654 556 1686 iu
578 1655 630 1687 sui
652 1653 856 1686 defensione
873 1653 1037 1686 attentius
1050 1652 1177 1685 instare
1193 1651 1344 1691 videbat,
1359 1657 1455 1685 tanto
1479 1651 1593 1684 altiori
1615 1651 1667 1683 ira
1689 1651 1973 1689 inflammabatur,

28 1735 33 1750 3,
79 1741 87 1751 ¹,
138 1717 209 1752 quo
229 1717 267 1741 se
289 1717 350 1741 eos
371 1707 483 1740 minus
506 1707 644 1740 laedere
666 1717 766 1750 posse
790 1705 1045 1751 cognoscebat:
1066 1715 1136 1738 non
1159 1705 1203 1738 ab
1218 1705 1383 1748 incoepto
1397 1703 1646 1743 deterrebatur,
1662 1703 1723 1737 sed
1739 1713 1782 1737 eo
1795 1704 1975 1737 instantius

25 1750 35 1768 3
124 1770 208 1806 ,ῃιιο
229 1761 446 1805 praevaleret
469 1760 583 1794 omnia
605 1761 766 1793 conando
788 1758 969 1793 nitebatur.
1014 1758 1213 1792 Sicilienses
1235 1768 1318 1802 ergo
1342 1758 1468 1791 milites
1490 1768 1580 1795 suos,
1603 1757 1725 1801 quibus
1745 1757 1816 1801 jam
1846 1757 1974 1799 imper-

23 1813 27 1831 ³
93 1841 107 1861 3
139 1813 240 1849 flerat
261 1814 491 1858 possessiones
511 1812 655 1851 insulae,
682 1818 847 1856 quantum
869 1811 1123 1856 subjugaverat,
1146 1810 1239 1854 apud
1263 1811 1473 1844 Partinicum
1498 1816 1532 1843 et
1553 1809 1766 1844 Cornilium³
1790 1809 1975 1847 dimittens,

27 1877 30 1879 ’
139 1867 337 1912 Jatensibus
357 1867 504 1900 infestos
525 1866 600 1899 fieri
623 1865 812 1909 praecepit.
857 1865 936 1908 Ipse
960 1876 1038 1898 cum
1061 1864 1329 1899 Calabrensibus
1351 1864 1504 1898 Cinisum
1515 1863 1539 1904 ⁴,
1555 1864 1613 1907 qui
1629 1863 1786 1896 similiter
1802 1867 1923 1895 contra
1937 1872 1974 1895 se

25 1949 29 1954 .,
108 1928 112 1940 ⁴
139 1919 391 1960 recalcitrabat,
412 1920 588 1953 obsessum
611 1919 717 1952 vadit.
763 1919 892 1962 Sicque
915 1929 984 1952 uno
1014 1919 1206 1962 eodemque
1229 1924 1395 1961 tempore,
1419 1927 1487 1950 uno
1509 1917 1544 1950 in
1567 1916 1716 1950 confinio
1744 1917 1828 1949 duas
1858 1916 1974 1949 obses-

31 1965 32 1968 *
86 1966 114 2006 '1³
140 1972 262 2012 tiones,
285 1979 320 2007 et
343 1984 362 2005 a
385 1983 422 2006 se
445 1972 581 2010 divisas,
604 1981 746 2015 ponens,
769 1977 931 2015 utrasque
953 1971 1136 2004 fortissime
1159 1970 1280 2010 tenuit,
1301 1977 1406 2014 atque
1430 1971 1475 2003 de
1497 1980 1566 2002 una
1588 1970 1632 2003 ad
1655 1970 1758 2002 aliam
1775 1968 1973 2011 saepissime

23 2062 29 2066 ,
87 2023 117 2075 ῑ3ῗ
141 2026 299 2071 migrans,
321 2026 463 2065 hortari,
486 2027 626 2065 instare,
648 2036 712 2068 per
733 2035 770 2058 se
792 2025 904 2068 ipsum
927 2025 1041 2058 omnia
1063 2029 1242 2064 attentare,
1265 2023 1420 2057 hostibus
1442 2023 1588 2056 infestus
1609 2022 1743 2061 adesse,
1759 2031 1849 2054 nunc
1865 2021 1975 2060 minis,

24 2075 46 2118 ’,3
84 2070 113 2144 33),
139 2086 232 2114 nune
254 2079 507 2113 incursionibus
528 2084 672 2117 terrere,
695 2087 774 2110 suos
795 2077 958 2118 blandiri,
979 2076 1126 2121 plurima
1147 2077 1278 2121 largiri,
1303 2077 1469 2119 ampliora
1491 2076 1700 2119 promittere,
1723 2075 1759 2108 in
1782 2075 1833 2107 sui
1863 2074 1974 2107 fideli-

24 2141 38 2162 2
118 2135 245 2167 tatem
266 2133 429 2177 arrigere,
452 2131 607 2165 hostibus
629 2131 775 2164 infestos
797 2131 944 2164 reddere
967 2141 1036 2164 non
1059 2130 1257 2164 desistebat.

91 2181 122 2201 zo

347 2228 445 2262 XXI.
469 2247 511 2252 —
534 2229 664 2262 Mensis
685 2233 761 2262 erat
781 2232 895 2261 sextus
906 2241 916 2266 3
938 2228 1065 2261 hostilis
1087 2228 1223 2261 denotat
1244 2231 1365 2260 aestus:
2025 2234 2101 2258 Μυι..
2118 2234 2155 2259 ⁵8·

620 2281 694 2315 Hic
715 2282 827 2314 studet
847 2286 886 2314 ut
907 2282 1031 2324 laedat,
1054 2282 1166 2314 studet
1186 2281 1275 2314 alter
1296 2285 1335 2314 ut
1354 2280 1411 2313 ille
1432 2280 1578 2313 recedat.

533 2335 696 2378 Laedunt,
719 2335 907 2368 laeduntur.
951 2334 1011 2368 Sic
1032 2335 1230 2368 alternando
1252 2337 1470 2379 premuntur;

25 2461 28 2464 ⁴
108 2466 111 2470 ,
133 2461 144 2474 ,
232 2450 256 2469 2.
274 2443 366 2469 edidit
382 2443 410 2468 P
423 2457 456 2462 —
475 2442 499 2468 6.
519 2443 556 2468 da
581 2442 693 2476 dignas]
719 2444 806 2477 digna
828 2444 851 2468 C
867 2456 900 2462 —
920 2449 944 2474 7.
968 2442 1084 2476 religio}
1103 2443 1179 2475 legio
1202 2443 1226 2467 C
1242 2457 1274 2460 —
1293 2449 1318 2474 9.
1331 2442 1460 2474 Jaeenses
1479 2441 1505 2465 Ρ
1521 2453 1554 2459 -
1576 2447 1616 2466 1¹.
1636 2438 1814 2471 renuntiant]
1835 2438 1976 2471 negabant

42 2480 45 2486 '
81 2485 92 2520 „l
146 2485 210 2512 BD
228 2498 259 2505 —
281 2485 321 2511 16.
341 2486 511 2520 praecipitio
529 2494 578 2511 om.
590 2486 654 2511 BD
671 2499 705 2504 —
727 2491 767 2517 17.
786 2488 863 2511 arcto
882 2485 990 2510 exiciso
1003 2492 1058 2518 quo
1071 2485 1123 2510 cos)
1142 2485 1168 2508 B
1178 2486 1208 2510 D
1220 2498 1252 2503 —
1267 2491 1308 2517 24.
1321 2484 1461 2509 habebant
1474 2482 1513 2515 et]
1526 2482 1695 2516 aggerebant
1707 2481 1764 2506 PC
1774 2494 1806 2499 -
1821 2479 1907 2513 26-27.
1919 2486 1975 2512 quo

45 2547 47 2562 :
99 2531 105 2558 ἱ
145 2534 191 2554 ee.
201 2543 210 2554 .
220 2546 226 2553 .
237 2546 243 2553 .
269 2527 412 2553 nitebatur
424 2534 472 2552 on.
491 2529 521 2553 D
538 2541 571 2546 —
591 2526 633 2552 26.
646 2527 845 2553 detrahebatur
856 2527 883 2552 B
893 2540 927 2546 —
941 2526 983 2552 28.
996 2527 1195 2552 Parthenicum
1214 2528 1242 2552 P
1257 2540 1266 2545 -
1278 2525 1453 2557 Coi-nillum]
1467 2523 1610 2550 Cortltum
1630 2525 1671 2553 P;
1686 2523 1841 2548 Cornicum
1859 2521 1924 2547 BD
1941 2534 1974 2540 —

25 2567 44 2607 {5
84 2573 109 2606 ,ἢ
147 2574 190 2604 33.
207 2570 266 2595 sul·
282 2570 310 2595 P
325 2582 336 2589 ·
354 2569 532 2604 promltterel
551 2570 656 2603 largire
675 2583 707 2589 —-
727 2575 769 2602 35.
788 2568 915 2602 hostilis]
934 2569 1063 2595 sextilem
1082 2570 1110 2594 Ρ

26 2679 51 2697 ⁴.
230 2656 238 2674 ¹
257 2658 284 2683 A
302 2658 444 2683 conferma
463 2658 492 2683 di
512 2658 607 2690 quello
625 2657 672 2691 gia
691 2658 770 2684 detto
795 2658 853 2683 alla
878 2658 931 2683 fine
956 2657 1032 2683 della
1085 2658 1159 2683 lume
1178 2657 1279 2689 XXIV,
1301 2656 1379 2690 1899)
1399 2663 1445 2690 pp.
1465 2654 1583 2688 310-29).
1621 2654 1714 2679 Edu-isi
1735 2654 1762 2678 ln
1784 2653 1898 2678 ricorde
1917 2660 1973 2677 mu-

143 2701 211 2726 nota
223 2699 396 2733 precedente,
415 2701 439 2725 sl
455 2701 557 2725 notino
571 2700 597 2724 le
610 2700 739 2733 seguenti
752 2700 851 2732 parole
863 2699 938 2725 della
952 2699 1031 2724 bolla
1086 2701 1147 2726 nlts
1165 2700 1194 2725 dl
1214 2707 1251 2724 un
1273 2700 1346 2724 forte
1363 2698 1490 2729 castello,
1511 2697 1539 2722 dl
1559 2696 1663 2722 ridottl
1685 2703 1700 2720 e
1713 2695 1741 2719 di
1756 2701 1844 2719 mura.
1878 2694 1902 2719 11
1916 2702 1974 2719 ceu-

142 2741 172 2768 a!
185 2740 324 2776 Gregorio
342 2742 396 2767 vn
408 2742 454 2767 del
470 2741 555 2767 1082:
577 2741 682 2767 “Felix
696 2743 781 2772 terra,
795 2749 865 2773 quae
878 2743 989 2767 tantum
1003 2743 1031 2766 et
1085 2751 1137 2775 sus,
1156 2743 1206 2768 che
1225 2742 1312 2775 quelli
1332 2742 1361 2766 di
1379 2742 1476 2774 Jatina
1495 2742 1518 2765 si
1542 2739 1708 2764 rmum-ono
1734 2738 1762 2762 di
1789 2744 1900 2770 pagare,
1926 2737 1974 2762 do·
2005 2743 2033 2770 15

136 2781 253 2810 “talem
270 2786 372 2809 meruit
389 2784 491 2809 habere
510 2783 661 2813 Comitem
683 2790 732 2816 per
755 2790 837 2815 quem
859 2783 1029 2808 ecclesiastl-
1085 2792 1156 2811 veva
1174 2792 1264 2810 essere
1278 2785 1304 2809 la
1315 2784 1407 2817 geria,
1427 2785 1503 2808 tussa
1522 2782 1571 2806 che
1590 2781 1600 2805 l
1620 2780 1777 2805 Non-manni
1793 2781 1934 2812 imposero
1946 2780 1973 2803 ai

105 2819 109 2838 3
144 2824 229 2852 'eum
248 2826 326 2860 Vlsset
345 2833 448 2852 nomen
468 2828 495 2852 Bt
506 2842 586 2851 ·····
605 2827 752 2859 recuperflt
771 2825 1272 2858 dfignitatem‚.Mua=u1mani
1294 2833 1342 2859 per
1361 2825 1383 2850 11
1403 2825 1492 2849 libero
1511 2823 1644 2848 eserelzlo
1664 2821 1708 2846 del
1730 2822 1792 2846 loro
1805 2821 1891 2846 culto⁴
1929 2819 1974 2846 Cf.

51 2885 57 2906 '.
114 2899 115 2903 ,
229 2866 242 2886 ¹
259 2859 282 2894 Ε
295 2869 360 2902 Jato
379 2876 397 2894 ο
411 2869 507 2902 Jatlna
526 2869 596 2901 (non
617 2868 727 2900 Ginto),
747 2875 763 2893 a
775 2868 923 2893 sud-ovest
936 2867 965 2892 dl
979 2867 1031 2893 1²·-
1085 2868 1234 2900 Snvrou,
1255 2869 1292 2894 Le
1311 2867 1409 2892 decime
1428 2867 1458 2890 di
1478 2865 1574 2891 Sicilia
1593 2864 1742 2895 (Palen-mo,
1767 2861 1853 2896 1901),
1879 2870 1905 2895 p.
1931 2862 1972 2887 60.

53 2909 56 2914 ’
110 2924 113 2929 ,
143 2908 246 2936 latmo.
265 2911 311 2936 nel
329 2909 382 2936 xn
401 2911 494 2936 secolo
514 2917 560 2935 era
578 2917 635 2935 una
653 2909 766 2942 plccola
777 2909 926 2939 clttadina,
939 2909 989 2934 che
1001 2910 1031 2934 dl
1173 2908 1184 2927 ⁸
1202 2909 1349 2936 Partinico
1362 2917 1376 2933 e
1389 2907 1531 2933 Con-leone
1544 2905 1659 2939 (arsbm
1674 2903 1817 2937 Roaiam).
1830 2905 1974 2930 entrsmbe

28 2959 37 2990 ξω
54 2971 71 2989 ‘·.
105 2952 111 2988 J
145 2952 195 2986 pol
211 2958 376 2987 seomparve
394 2952 443 2987 (cs.
463 2953 505 2978 LA
525 2951 634 2982 eona,
655 2951 724 2984 Jaeo
747 2961 761 2977 e
789 2953 890 2985 Jatina
915 2952 1032 2977 νίκη-ἦε
1088 2953 1117 2979 ln
1136 2958 1216 2986 prov.
1235 2951 1266 2976 dl
1285 2950 1422 2976 Palm-mo.
2003 2953 2036 2975 πο

49 2991 55 2995 3
74 2994 108 3015 :⁴
145 2994 176 3022 B
190 2996 344 3029 monaste:
362 2996 470 3026 storria,
491 2996 519 3020 ln
539 2994 651 3020 Arch.
670 2996 763 3020 ator.
783 2994 870 3024 Sic..
890 2994 925 3020 N.
943 2994 971 3020 S.
983 3002 1033 3020 vo·
1175 2993 1186 3010 ⁴
1205 2992 1309 3022 Cluui,
1330 2993 1359 3017 ln
1379 2998 1459 3026 prov.
1478 2990 1507 3014 dl
1527 2989 1667 3014 Palen-mo.
